<?xml version="1.0" encoding="UTF-8"?>
<!DOCTYPE html PUBLIC "-//W3C//DTD XHTML 1.0 Transitional//EN"
    "http://www.w3.org/TR/xhtml1/DTD/xhtml1-transitional.dtd">
<html xmlns="http://www.w3.org/1999/xhtml" xml:lang="en" lang="en">
 <head>
  <title>
</title>
<meta http-equiv="Content-Type" content="text/html;charset=utf-8" />
  <meta name='ocr-system' content='tesseract 3.04.00' />
  <meta name='ocr-capabilities' content='ocr_page ocr_carea ocr_par ocr_line ocrx_word'/>
</head>
<body>
  <div class='ocr_page' id='page_1' title='image "./inobligationibu00kuntgoog_0027.png"; bbox 0 0 2782 5052; ppageno 0'>
   <div class='ocr_carea' id='block_1_1' title="bbox 1090 288 1693 353">
    <p class='ocr_par' dir='ltr' id='par_1_1' title="bbox 1090 288 1693 353">
     <span class='ocr_line' id='line_1_1' title="bbox 1090 288 1693 353; baseline -0.002 -15"><span class='ocrx_word' id='word_1_1' title='bbox 1090 288 1693 353; x_wconf 70' lang='lat'><strong>—23—</strong></span> 
     </span>
    </p>
   </div>
   <div class='ocr_carea' id='block_1_2' title="bbox 288 476 2483 4184">
    <p class='ocr_par' dir='ltr' id='par_1_2' title="bbox 288 476 2482 885">
     <span class='ocr_line' id='line_1_2' title="bbox 288 476 2480 563; baseline -0.003 -15"><span class='ocrx_word' id='word_1_2' title='bbox 288 482 528 560; x_wconf 86' lang='lat' dir='ltr'><strong>veniat,</strong></span> <span class='ocrx_word' id='word_1_3' title='bbox 564 477 774 563; x_wconf 90' lang='lat' dir='ltr'><strong>quibus</strong></span> <span class='ocrx_word' id='word_1_4' title='bbox 804 488 1006 542; x_wconf 87' lang='lat' dir='ltr'><strong>tamen</strong></span> <span class='ocrx_word' id='word_1_5' title='bbox 1035 499 1157 541; x_wconf 92' lang='lat' dir='ltr'><strong>non</strong></span> <span class='ocrx_word' id='word_1_6' title='bbox 1188 476 1388 561; x_wconf 90' lang='lat' dir='ltr'><strong>ipsum.</strong></span> <span class='ocrx_word' id='word_1_7' title='bbox 1412 498 1559 562; x_wconf 92' lang='lat' dir='ltr'><strong>opus</strong></span> <span class='ocrx_word' id='word_1_8' title='bbox 1592 477 1763 562; x_wconf 89' lang='lat' dir='ltr'><strong>plane</strong></span> <span class='ocrx_word' id='word_1_9' title='bbox 1793 477 2170 561; x_wconf 79' lang='lat' dir='ltr'><strong>impediatur,</strong></span> <span class='ocrx_word' id='word_1_10' title='bbox 2219 477 2335 541; x_wconf 92' lang='lat' dir='ltr'><strong>huc</strong></span> <span class='ocrx_word' id='word_1_11' title='bbox 2361 499 2480 541; x_wconf 91' lang='lat' dir='ltr'><strong>non</strong></span> 
     </span>
     <span class='ocr_line' id='line_1_3' title="bbox 289 583 2482 674; baseline -0.003 -21"><span class='ocrx_word' id='word_1_12' title='bbox 289 589 619 674; x_wconf 83' lang='lat' dir='ltr'><strong>pertinent.</strong></span> <span class='ocrx_word' id='word_1_13' title='bbox 708 585 900 650; x_wconf 91' lang='lat' dir='ltr'><strong>Nobis</strong></span> <span class='ocrx_word' id='word_1_14' title='bbox 959 583 1073 647; x_wconf 92' lang='lat' dir='ltr'><strong>hoc</strong></span> <span class='ocrx_word' id='word_1_15' title='bbox 1133 584 1444 648; x_wconf 83' lang='lat' dir='ltr'><strong>dumtaxat</strong></span> <span class='ocrx_word' id='word_1_16' title='bbox 1502 585 1901 667; x_wconf 89' lang='lat' dir='ltr'><strong>quaerendum</strong></span> <span class='ocrx_word' id='word_1_17' title='bbox 1962 604 2030 646; x_wconf 94' lang='lat' dir='ltr'><strong>ac</strong></span> <span class='ocrx_word' id='word_1_18' title='bbox 2086 584 2482 647; x_wconf 87' lang='lat' dir='ltr'><strong>definiendum</strong></span> 
     </span>
     <span class='ocr_line' id='line_1_4' title="bbox 291 690 2482 776; baseline -0.001 -19"><span class='ocrx_word' id='word_1_19' title='bbox 291 704 453 772; x_wconf 90' lang='lat' dir='ltr'><strong>erat,</strong></span> <span class='ocrx_word' id='word_1_20' title='bbox 517 695 678 758; x_wconf 88' lang='lat' dir='ltr'><strong>sitne</strong></span> <span class='ocrx_word' id='word_1_21' title='bbox 736 712 970 755; x_wconf 92' lang='lat' dir='ltr'><strong>merces</strong></span> <span class='ocrx_word' id='word_1_22' title='bbox 1024 691 1312 755; x_wconf 86' lang='lat' dir='ltr'><strong>solvenda</strong></span> <span class='ocrx_word' id='word_1_23' title='bbox 1370 690 1709 753; x_wconf 84' lang='lat' dir='ltr'><strong>redemtore</strong></span> <span class='ocrx_word' id='word_1_24' title='bbox 1768 711 1915 774; x_wconf 91' lang='lat' dir='ltr'><strong>opus</strong></span> <span class='ocrx_word' id='word_1_25' title='bbox 1973 711 2262 774; x_wconf 88' lang='lat' dir='ltr'><strong>peragere</strong></span> <span class='ocrx_word' id='word_1_26' title='bbox 2306 692 2482 776; x_wconf 88' lang='lat' dir='ltr'><strong>plane</strong></span> 
     </span>
     <span class='ocr_line' id='line_1_5' title="bbox 290 799 619 885; baseline -0.006 -22"><span class='ocrx_word' id='word_1_27' title='bbox 290 799 619 885; x_wconf 91' lang='lat' dir='ltr'><strong>prohibito.</strong></span> 
     </span>
    </p>

    <p class='ocr_par' dir='ltr' id='par_1_3' title="bbox 292 902 2483 3541">
     <span class='ocr_line' id='line_1_6' title="bbox 472 902 2481 990; baseline -0.001 -23"><span class='ocrx_word' id='word_1_28' title='bbox 472 909 505 990; x_wconf 60' lang='grc' dir='ltr'>ᾗ</span> <span class='ocrx_word' id='word_1_29' title='bbox 553 904 658 969; x_wconf 87' lang='grc'><strong>18.</strong></span> <span class='ocrx_word' id='word_1_30' title='bbox 751 904 854 967; x_wconf 84' lang='grc' dir='ltr'><strong>Ν.</strong></span> <span class='ocrx_word' id='word_1_31' title='bbox 919 903 1022 966; x_wconf 82' lang='lat' dir='ltr'><strong>De</strong></span> <span class='ocrx_word' id='word_1_32' title='bbox 1079 913 1411 968; x_wconf 80' lang='lat' dir='ltr'><strong>contractu</strong></span> <span class='ocrx_word' id='word_1_33' title='bbox 1485 905 2073 988; x_wconf 76' lang='lat' dir='ltr'><strong>emphyteuticario.</strong></span> <span class='ocrx_word' id='word_1_34' title='bbox 2165 902 2481 965; x_wconf 85' lang='lat' dir='ltr'><strong>Locationi</strong></span> 
     </span>
     <span class='ocr_line' id='line_1_7' title="bbox 292 1006 2482 1096; baseline -0.003 -20"><span class='ocrx_word' id='word_1_35' title='bbox 292 1033 502 1076; x_wconf 91' lang='lat' dir='ltr'><strong>rerum</strong></span> <span class='ocrx_word' id='word_1_36' title='bbox 544 1010 702 1074; x_wconf 90' lang='lat' dir='ltr'><strong>haud</strong></span> <span class='ocrx_word' id='word_1_37' title='bbox 745 1033 1023 1096; x_wconf 91' lang='lat' dir='ltr'><strong>perquam</strong></span> <span class='ocrx_word' id='word_1_38' title='bbox 1072 1009 1380 1074; x_wconf 91' lang='lat' dir='ltr'><strong>dissimilis</strong></span> <span class='ocrx_word' id='word_1_39' title='bbox 1425 1031 1561 1074; x_wconf 91' lang='lat' dir='ltr'><strong>esse</strong></span> <span class='ocrx_word' id='word_1_40' title='bbox 1590 1011 1831 1075; x_wconf 88' lang='lat' dir='ltr'><strong>videtur</strong></span> <span class='ocrx_word' id='word_1_41' title='bbox 1861 1021 2205 1073; x_wconf 91' lang='lat' dir='ltr'><strong>contractus</strong></span> <span class='ocrx_word' id='word_1_42' title='bbox 2240 1006 2482 1093; x_wconf 91' lang='lat' dir='ltr'><strong>emphy-</strong></span> 
     </span>
     <span class='ocr_line' id='line_1_8' title="bbox 295 1116 2482 1202; baseline -0.002 -20"><span class='ocrx_word' id='word_1_43' title='bbox 295 1117 680 1183; x_wconf 82' lang='lat' dir='ltr'><strong>teuticariuS.</strong></span> <span class='ocrx_word' id='word_1_44' title='bbox 747 1117 839 1181; x_wconf 90' lang='lat' dir='ltr'><strong>Ad</strong></span> <span class='ocrx_word' id='word_1_45' title='bbox 870 1137 1004 1180; x_wconf 92' lang='lat' dir='ltr'><strong>eum</strong></span> <span class='ocrx_word' id='word_1_46' title='bbox 1035 1118 1221 1202; x_wconf 89' lang='lat' dir='ltr'><strong>igitur</strong></span> <span class='ocrx_word' id='word_1_47' title='bbox 1251 1116 1667 1201; x_wconf 88' lang='lat' dir='ltr'><strong>inquirendum</strong></span> <span class='ocrx_word' id='word_1_48' title='bbox 1703 1140 1860 1181; x_wconf 92' lang='lat' dir='ltr'><strong>nunc</strong></span> <span class='ocrx_word' id='word_1_49' title='bbox 1892 1117 2272 1200; x_wconf 83' lang='lat' dir='ltr'><strong>aggredimur</strong></span> <span class='ocrx_word' id='word_1_50' title='bbox 2302 1137 2482 1198; x_wconf 85' lang='lat' dir='ltr'><strong>quae-</strong></span> 
     </span>
     <span class='ocr_line' id='line_1_9' title="bbox 294 1222 2482 1307; baseline -0.001 -18"><span class='ocrx_word' id='word_1_51' title='bbox 294 1237 530 1302; x_wconf 86' lang='lat' dir='ltr'><strong>rentes,</strong></span> <span class='ocrx_word' id='word_1_52' title='bbox 581 1224 721 1307; x_wconf 82' lang='lat' dir='ltr'><strong>quid</strong></span> <span class='ocrx_word' id='word_1_53' title='bbox 756 1224 915 1307; x_wconf 86' lang='lat' dir='ltr'><strong>juris</strong></span> <span class='ocrx_word' id='word_1_54' title='bbox 956 1224 1056 1301; x_wconf 91' lang='lat' dir='ltr'><strong>sit,</strong></span> <span class='ocrx_word' id='word_1_55' title='bbox 1107 1224 1160 1287; x_wconf 92' lang='lat' dir='ltr'><strong>si</strong></span> <span class='ocrx_word' id='word_1_56' title='bbox 1201 1224 1683 1306; x_wconf 89' lang='lat' dir='ltr'><strong>impedimentum</strong></span> <span class='ocrx_word' id='word_1_57' title='bbox 1727 1224 2105 1307; x_wconf 84' lang='lat' dir='ltr'><strong>obligationis</strong></span> <span class='ocrx_word' id='word_1_58' title='bbox 2147 1222 2482 1307; x_wconf 90' lang='lat' dir='ltr'><strong>implendae</strong></span> 
     </span>
     <span class='ocr_line' id='line_1_10' title="bbox 294 1324 2482 1414; baseline -0.002 -19"><span class='ocrx_word' id='word_1_59' title='bbox 294 1324 582 1396; x_wconf 54' lang='lat' dir='ltr'><strong>Exsistat.</strong></span> <span class='ocrx_word' id='word_1_60' title='bbox 674 1330 916 1394; x_wconf 90' lang='lat' dir='ltr'><strong>Domini</strong></span> <span class='ocrx_word' id='word_1_61' title='bbox 977 1330 1494 1414; x_wconf 83' lang='lat' dir='ltr'><strong>(emphyteuseos)</strong></span> <span class='ocrx_word' id='word_1_62' title='bbox 1556 1340 1683 1408; x_wconf 88' lang='lat' dir='ltr'><strong>est,</strong></span> <span class='ocrx_word' id='word_1_63' title='bbox 1759 1331 2003 1392; x_wconf 84' lang='lat' dir='ltr'><strong>fundum</strong></span> <span class='ocrx_word' id='word_1_64' title='bbox 2065 1329 2482 1413; x_wconf 86' lang='lat' dir='ltr'><strong>emphyteutae</strong></span> 
     </span>
     <span class='ocr_line' id='line_1_11' title="bbox 300 1436 2481 1521; baseline -0.001 -21"><span class='ocrx_word' id='word_1_65' title='bbox 300 1448 634 1521; x_wconf 88' lang='lat' dir='ltr'><strong>praestare,</strong></span> <span class='ocrx_word' id='word_1_66' title='bbox 671 1447 737 1500; x_wconf 89' lang='lat' dir='ltr'><strong>nt</strong></span> <span class='ocrx_word' id='word_1_67' title='bbox 765 1437 886 1500; x_wconf 87' lang='lat' dir='ltr'><strong>frui</strong></span> <span class='ocrx_word' id='word_1_68' title='bbox 919 1437 973 1498; x_wconf 91' lang='lat' dir='ltr'><strong>ei</strong></span> <span class='ocrx_word' id='word_1_69' title='bbox 1006 1437 1184 1499; x_wconf 91' lang='lat' dir='ltr'><strong>liceat</strong></span> <span class='ocrx_word' id='word_1_70' title='bbox 1212 1437 1274 1499; x_wconf 93' lang='lat' dir='ltr'><strong>in</strong></span> <span class='ocrx_word' id='word_1_71' title='bbox 1307 1445 1656 1521; x_wconf 90' lang='lat' dir='ltr'><strong>perpetuum</strong></span> <span class='ocrx_word' id='word_1_72' title='bbox 1689 1438 1778 1519; x_wconf 91' lang='lat' dir='ltr'><strong>(et</strong></span> <span class='ocrx_word' id='word_1_73' title='bbox 1807 1436 2225 1519; x_wconf 85' lang='lat' dir='ltr'><strong>emphyteutae</strong></span> <span class='ocrx_word' id='word_1_74' title='bbox 2257 1446 2317 1497; x_wconf 90' lang='lat' dir='ltr'><strong>et</strong></span> <span class='ocrx_word' id='word_1_75' title='bbox 2349 1438 2481 1519; x_wconf 88' lang='lat' dir='ltr'><strong>ejus</strong></span> 
     </span>
     <span class='ocr_line' id='line_1_12' title="bbox 300 1534 2482 1628; baseline -0.002 -21"><span class='ocrx_word' id='word_1_76' title='bbox 300 1544 828 1625; x_wconf 69' lang='lat' dir='ltr'><strong>successoribus),</strong></span> <span class='ocrx_word' id='word_1_77' title='bbox 879 1543 1295 1628; x_wconf 85' lang='lat' dir='ltr'><strong>emphyteutae</strong></span> <span class='ocrx_word' id='word_1_78' title='bbox 1339 1552 1455 1620; x_wconf 89' lang='lat' dir='ltr'><strong>est,</strong></span> <span class='ocrx_word' id='word_1_79' title='bbox 1506 1534 1795 1605; x_wconf 83' lang='lat' dir='ltr'><strong>canonem</strong></span> <span class='ocrx_word' id='word_1_80' title='bbox 1839 1542 2099 1606; x_wconf 88' lang='lat' dir='ltr'><strong>solvere.</strong></span> <span class='ocrx_word' id='word_1_81' title='bbox 2189 1543 2279 1615; x_wconf 90' lang='lat' dir='ltr'><strong>Ea</strong></span> <span class='ocrx_word' id='word_1_82' title='bbox 2312 1562 2482 1625; x_wconf 90' lang='lat' dir='ltr'><strong>prae-</strong></span> 
     </span>
     <span class='ocr_line' id='line_1_13' title="bbox 298 1649 2481 1734; baseline -0.001 -21"><span class='ocrx_word' id='word_1_83' title='bbox 298 1650 509 1728; x_wconf 88' lang='lat' dir='ltr'><strong>statio,</strong></span> <span class='ocrx_word' id='word_1_84' title='bbox 560 1670 710 1732; x_wconf 92' lang='lat' dir='ltr'><strong>quae</strong></span> <span class='ocrx_word' id='word_1_85' title='bbox 743 1650 1157 1734; x_wconf 89' lang='lat' dir='ltr'><strong>emphyteutae</strong></span> <span class='ocrx_word' id='word_1_86' title='bbox 1189 1660 1305 1726; x_wconf 89' lang='lat' dir='ltr'><strong>est,</strong></span> <span class='ocrx_word' id='word_1_87' title='bbox 1355 1671 1527 1732; x_wconf 89' lang='lat' dir='ltr'><strong>quum</strong></span> <span class='ocrx_word' id='word_1_88' title='bbox 1563 1649 1624 1710; x_wconf 92' lang='lat' dir='ltr'><strong>in</strong></span> <span class='ocrx_word' id='word_1_89' title='bbox 1656 1668 1880 1731; x_wconf 83' lang='lat' dir='ltr'><strong>genere</strong></span> <span class='ocrx_word' id='word_1_90' title='bbox 1913 1649 2224 1726; x_wconf 85' lang='lat' dir='ltr'><strong>consistat,</strong></span> <span class='ocrx_word' id='word_1_91' title='bbox 2261 1649 2481 1731; x_wconf 92' lang='lat' dir='ltr'><strong>impos-</strong></span> 
     </span>
     <span class='ocr_line' id='line_1_14' title="bbox 298 1754 2480 1842; baseline -0.001 -23"><span class='ocrx_word' id='word_1_92' title='bbox 298 1755 498 1819; x_wconf 89' lang='lat' dir='ltr'><strong>sibilis</strong></span> <span class='ocrx_word' id='word_1_93' title='bbox 531 1756 659 1819; x_wconf 86' lang='lat' dir='ltr'><strong>fieri</strong></span> <span class='ocrx_word' id='word_1_94' title='bbox 686 1757 798 1820; x_wconf 84' lang='lat' dir='ltr'><strong>vix</strong></span> <span class='ocrx_word' id='word_1_95' title='bbox 828 1767 1049 1841; x_wconf 81' lang='lat' dir='ltr'><strong>potest,</strong></span> <span class='ocrx_word' id='word_1_96' title='bbox 1084 1776 1280 1838; x_wconf 91' lang='lat' dir='ltr'><strong>neque</strong></span> <span class='ocrx_word' id='word_1_97' title='bbox 1310 1757 1499 1842; x_wconf 88' lang='lat' dir='ltr'><strong>igitur</strong></span> <span class='ocrx_word' id='word_1_98' title='bbox 1529 1777 1732 1819; x_wconf 92' lang='lat' dir='ltr'><strong>casum</strong></span> <span class='ocrx_word' id='word_1_99' title='bbox 1764 1755 2029 1837; x_wconf 87' lang='lat' dir='ltr'><strong>cogitare</strong></span> <span class='ocrx_word' id='word_1_100' title='bbox 2059 1754 2223 1831; x_wconf 91' lang='lat' dir='ltr'><strong>licet,</strong></span> <span class='ocrx_word' id='word_1_101' title='bbox 2273 1775 2387 1836; x_wconf 93' lang='lat' dir='ltr'><strong>quo</strong></span> <span class='ocrx_word' id='word_1_102' title='bbox 2418 1755 2480 1816; x_wconf 90' lang='lat' dir='ltr'><strong>in</strong></span> 
     </span>
     <span class='ocr_line' id='line_1_15' title="bbox 299 1856 2475 1947; baseline -0.001 -22"><span class='ocrx_word' id='word_1_103' title='bbox 299 1870 654 1946; x_wconf 87' lang='lat' dir='ltr'><strong>perpetuum</strong></span> <span class='ocrx_word' id='word_1_104' title='bbox 714 1856 829 1926; x_wconf 88' lang='lat' dir='ltr'><strong>ille</strong></span> <span class='ocrx_word' id='word_1_105' title='bbox 872 1863 1264 1947; x_wconf 87' lang='lat' dir='ltr'><strong>impediatur,</strong></span> <span class='ocrx_word' id='word_1_106' title='bbox 1341 1863 1654 1944; x_wconf 91' lang='lat' dir='ltr'><strong>quominus</strong></span> <span class='ocrx_word' id='word_1_107' title='bbox 1715 1862 2064 1945; x_wconf 90' lang='lat' dir='ltr'><strong>obligationi</strong></span> <span class='ocrx_word' id='word_1_108' title='bbox 2124 1862 2475 1925; x_wconf 85' lang='lat' dir='ltr'><strong>satisfaciat.</strong></span> 
     </span>
     <span class='ocr_line' id='line_1_16' title="bbox 298 1968 2481 2052; baseline 0 -20"><span class='ocrx_word' id='word_1_109' title='bbox 298 1968 543 2032; x_wconf 92' lang='lat' dir='ltr'><strong>Domini</strong></span> <span class='ocrx_word' id='word_1_110' title='bbox 574 1988 719 2032; x_wconf 90' lang='lat' dir='ltr'><strong>vero</strong></span> <span class='ocrx_word' id='word_1_111' title='bbox 752 1969 1030 2052; x_wconf 89' lang='lat' dir='ltr'><strong>quoniam</strong></span> <span class='ocrx_word' id='word_1_112' title='bbox 1063 1979 1178 2046; x_wconf 89' lang='lat' dir='ltr'><strong>est,</strong></span> <span class='ocrx_word' id='word_1_113' title='bbox 1216 1979 1574 2052; x_wconf 91' lang='lat' dir='ltr'><strong>potestatem</strong></span> <span class='ocrx_word' id='word_1_114' title='bbox 1606 1968 2023 2052; x_wconf 88' lang='lat' dir='ltr'><strong>emphyteutae</strong></span> <span class='ocrx_word' id='word_1_115' title='bbox 2055 1970 2278 2046; x_wconf 85' lang='lat' dir='ltr'><strong>facere,</strong></span> <span class='ocrx_word' id='word_1_116' title='bbox 2315 1980 2481 2033; x_wconf 86' lang='lat' dir='ltr'><strong>certa</strong></span> 
     </span>
     <span class='ocr_line' id='line_1_17' title="bbox 300 2075 2475 2160; baseline 0 -23"><span class='ocrx_word' id='word_1_117' title='bbox 300 2075 766 2160; x_wconf 85' lang='lat' dir='ltr'><strong>specie-(fundo)</strong></span> <span class='ocrx_word' id='word_1_118' title='bbox 801 2075 1002 2139; x_wconf 89' lang='lat' dir='ltr'><strong>utendi</strong></span> <span class='ocrx_word' id='word_1_119' title='bbox 1032 2075 1303 2152; x_wconf 85' lang='lat' dir='ltr'><strong>fruendi,</strong></span> <span class='ocrx_word' id='word_1_120' title='bbox 1365 2076 1549 2139; x_wconf 91' lang='lat' dir='ltr'><strong>multa</strong></span> <span class='ocrx_word' id='word_1_121' title='bbox 1581 2076 1720 2158; x_wconf 86' lang='lat' dir='ltr'><strong>fingi</strong></span> <span class='ocrx_word' id='word_1_122' title='bbox 1751 2085 2002 2159; x_wconf 90' lang='lat' dir='ltr'><strong>possunt</strong></span> <span class='ocrx_word' id='word_1_123' title='bbox 2030 2075 2475 2159; x_wconf 88' lang='lat' dir='ltr'><strong>impedimenta,</strong></span> 
     </span>
     <span class='ocr_line' id='line_1_18' title="bbox 300 2180 2476 2265; baseline 0 -22"><span class='ocrx_word' id='word_1_124' title='bbox 300 2201 454 2263; x_wconf 85' lang='lat' dir='ltr'><strong>quae</strong></span> <span class='ocrx_word' id='word_1_125' title='bbox 485 2180 832 2263; x_wconf 88' lang='lat' dir='ltr'><strong>obligationi</strong></span> <span class='ocrx_word' id='word_1_126' title='bbox 865 2182 1197 2265; x_wconf 88' lang='lat' dir='ltr'><strong>implendae</strong></span> <span class='ocrx_word' id='word_1_127' title='bbox 1230 2181 1491 2245; x_wconf 90' lang='lat' dir='ltr'><strong>obstent.</strong></span> <span class='ocrx_word' id='word_1_128' title='bbox 1586 2182 1879 2262; x_wconf 83' lang='lat' dir='ltr'><strong>Quocirca</strong></span> <span class='ocrx_word' id='word_1_129' title='bbox 1924 2184 2327 2264; x_wconf 90' lang='lat' dir='ltr'><strong>quaerendum</strong></span> <span class='ocrx_word' id='word_1_130' title='bbox 2360 2193 2476 2259; x_wconf 92' lang='lat' dir='ltr'><strong>est,</strong></span> 
     </span>
     <span class='ocr_line' id='line_1_19' title="bbox 299 2288 2475 2374; baseline -0 -24"><span class='ocrx_word' id='word_1_131' title='bbox 299 2297 501 2351; x_wconf 88' lang='lat' dir='ltr'><strong>utrum</strong></span> <span class='ocrx_word' id='word_1_132' title='bbox 546 2308 582 2349; x_wconf 92' lang='lat' dir='ltr'><strong>a</strong></span> <span class='ocrx_word' id='word_1_133' title='bbox 625 2299 797 2370; x_wconf 89' lang='lat' dir='ltr'><strong>parte</strong></span> <span class='ocrx_word' id='word_1_134' title='bbox 842 2289 1066 2352; x_wconf 90' lang='lat' dir='ltr'><strong>domini</strong></span> <span class='ocrx_word' id='word_1_135' title='bbox 1097 2310 1175 2352; x_wconf 93' lang='lat' dir='ltr'><strong>an</strong></span> <span class='ocrx_word' id='word_1_136' title='bbox 1208 2288 1626 2374; x_wconf 89' lang='lat' dir='ltr'><strong>emphyteutae</strong></span> <span class='ocrx_word' id='word_1_137' title='bbox 1656 2288 2143 2372; x_wconf 85' lang='lat' dir='ltr'><strong>impedimentum</strong></span> <span class='ocrx_word' id='word_1_138' title='bbox 2176 2297 2475 2351; x_wconf 88' lang='lat' dir='ltr'><strong>occurrat.</strong></span> 
     </span>
     <span class='ocr_line' id='line_1_20' title="bbox 300 2393 2479 2480; baseline 0 -24"><span class='ocrx_word' id='word_1_139' title='bbox 300 2393 369 2459; x_wconf 91' lang='lat' dir='ltr'><strong>Si</strong></span> <span class='ocrx_word' id='word_1_140' title='bbox 396 2416 432 2457; x_wconf 92' lang='lat' dir='ltr'><strong>a</strong></span> <span class='ocrx_word' id='word_1_141' title='bbox 461 2406 630 2478; x_wconf 90' lang='lat' dir='ltr'><strong>parte</strong></span> <span class='ocrx_word' id='word_1_142' title='bbox 662 2397 1076 2480; x_wconf 89' lang='lat' dir='ltr'><strong>emphyteutae</strong></span> <span class='ocrx_word' id='word_1_143' title='bbox 1105 2396 1587 2479; x_wconf 90' lang='lat' dir='ltr'><strong>impedimentum</strong></span> <span class='ocrx_word' id='word_1_144' title='bbox 1622 2394 1891 2469; x_wconf 84' lang='lat' dir='ltr'><strong>exstitit,</strong></span> <span class='ocrx_word' id='word_1_145' title='bbox 1943 2393 2258 2476; x_wconf 87' lang='lat' dir='ltr'><strong>quominus</strong></span> <span class='ocrx_word' id='word_1_146' title='bbox 2302 2394 2479 2457; x_wconf 89' lang='lat' dir='ltr'><strong>fundo</strong></span> 
     </span>
     <span class='ocr_line' id='line_1_21' title="bbox 301 2482 2481 2584; baseline 0 -20"><span class='ocrx_word' id='word_1_147' title='bbox 301 2501 592 2584; x_wconf 82' lang='lat' dir='ltr'><strong>praestito</strong></span> <span class='ocrx_word' id='word_1_148' title='bbox 637 2512 840 2565; x_wconf 91' lang='lat' dir='ltr'><strong>utatur</strong></span> <span class='ocrx_word' id='word_1_149' title='bbox 882 2503 1139 2582; x_wconf 85' lang='lat' dir='ltr'><strong>fruatur,</strong></span> <span class='ocrx_word' id='word_1_150' title='bbox 1189 2521 1383 2566; x_wconf 90' lang='lat' dir='ltr'><strong>canon</strong></span> <span class='ocrx_word' id='word_1_151' title='bbox 1432 2502 1701 2581; x_wconf 89' lang='lat' dir='ltr'><strong>debetur,</strong></span> <span class='ocrx_word' id='word_1_152' title='bbox 1752 2500 2028 2564; x_wconf 90' lang='lat' dir='ltr'><strong>dominus</strong></span> <span class='ocrx_word' id='word_1_153' title='bbox 2077 2501 2235 2564; x_wconf 90' lang='lat' dir='ltr'><strong>enim</strong></span> <span class='ocrx_word' id='word_1_154' title='bbox 2283 2482 2481 2565; x_wconf 88' lang='lat' dir='ltr'><strong>omnia</strong></span> 
     </span>
     <span class='ocr_line' id='line_1_22' title="bbox 304 2608 2481 2693; baseline -0 -23"><span class='ocrx_word' id='word_1_155' title='bbox 304 2608 629 2692; x_wconf 88' lang='lat' dir='ltr'><strong>praestitit,</strong></span> <span class='ocrx_word' id='word_1_156' title='bbox 694 2630 943 2691; x_wconf 89' lang='lat' dir='ltr'><strong>quorum</strong></span> <span class='ocrx_word' id='word_1_157' title='bbox 986 2610 1480 2693; x_wconf 90' lang='lat' dir='ltr'><strong>praestandorum</strong></span> <span class='ocrx_word' id='word_1_158' title='bbox 1527 2631 1608 2673; x_wconf 84' lang='lat' dir='ltr'><strong>ex</strong></span> <span class='ocrx_word' id='word_1_159' title='bbox 1654 2609 2020 2693; x_wconf 87' lang='lat' dir='ltr'><strong>obligatione</strong></span> <span class='ocrx_word' id='word_1_160' title='bbox 2066 2610 2327 2691; x_wconf 87' lang='lat' dir='ltr'><strong>suscepit</strong></span> <span class='ocrx_word' id='word_1_161' title='bbox 2358 2608 2481 2671; x_wconf 79' lang='lat' dir='ltr'><strong>offi-</strong></span> 
     </span>
     <span class='ocr_line' id='line_1_23' title="bbox 303 2714 2477 2801; baseline 0 -24"><span class='ocrx_word' id='word_1_162' title='bbox 303 2715 483 2777; x_wconf 89' lang='lat' dir='ltr'><strong>cium.</strong></span> <span class='ocrx_word' id='word_1_163' title='bbox 578 2714 685 2778; x_wconf 90' lang='lat' dir='ltr'><strong>Sin</strong></span> <span class='ocrx_word' id='word_1_164' title='bbox 726 2723 923 2778; x_wconf 87' lang='lat' dir='ltr'><strong>autem</strong></span> <span class='ocrx_word' id='word_1_165' title='bbox 970 2736 1005 2777; x_wconf 99' lang='lat' dir='ltr'><strong>a</strong></span> <span class='ocrx_word' id='word_1_166' title='bbox 1045 2727 1215 2799; x_wconf 87' lang='lat' dir='ltr'><strong>parte</strong></span> <span class='ocrx_word' id='word_1_167' title='bbox 1257 2718 1445 2801; x_wconf 91' lang='lat' dir='ltr'><strong>ipsius</strong></span> <span class='ocrx_word' id='word_1_168' title='bbox 1487 2716 1711 2780; x_wconf 92' lang='lat' dir='ltr'><strong>domini</strong></span> <span class='ocrx_word' id='word_1_169' title='bbox 1743 2716 1941 2779; x_wconf 88' lang='lat' dir='ltr'><strong>obstat</strong></span> <span class='ocrx_word' id='word_1_170' title='bbox 1969 2715 2477 2798; x_wconf 90' lang='lat' dir='ltr'><strong>impedimentum,</strong></span> 
     </span>
     <span class='ocr_line' id='line_1_24' title="bbox 301 2821 2481 2908; baseline 0 -25"><span class='ocrx_word' id='word_1_171' title='bbox 301 2821 390 2884; x_wconf 88' lang='lat' dir='ltr'><strong>ita</strong></span> <span class='ocrx_word' id='word_1_172' title='bbox 416 2831 485 2885; x_wconf 88' lang='lat' dir='ltr'><strong>ut</strong></span> <span class='ocrx_word' id='word_1_173' title='bbox 512 2821 566 2885; x_wconf 92' lang='lat' dir='ltr'><strong>is</strong></span> <span class='ocrx_word' id='word_1_174' title='bbox 595 2821 841 2884; x_wconf 87' lang='lat' dir='ltr'><strong>fundum</strong></span> <span class='ocrx_word' id='word_1_175' title='bbox 872 2834 1179 2906; x_wconf 87' lang='lat' dir='ltr'><strong>praestare</strong></span> <span class='ocrx_word' id='word_1_176' title='bbox 1208 2823 1596 2908; x_wconf 86' lang='lat' dir='ltr'><strong>prohibeatur</strong></span> <span class='ocrx_word' id='word_1_177' title='bbox 1642 2822 2051 2908; x_wconf 84' lang='lat' dir='ltr'><strong>(emphyteuta</strong></span> <span class='ocrx_word' id='word_1_178' title='bbox 2094 2821 2165 2885; x_wconf 93' lang='lat' dir='ltr'><strong>ad</strong></span> <span class='ocrx_word' id='word_1_179' title='bbox 2195 2823 2481 2886; x_wconf 89' lang='lat' dir='ltr'><strong>utendum</strong></span> 
     </span>
     <span class='ocr_line' id='line_1_25' title="bbox 302 2928 2483 3013; baseline 0 -23"><span class='ocrx_word' id='word_1_180' title='bbox 302 2928 619 2991; x_wconf 88' lang='lat' dir='ltr'><strong>fruendum</strong></span> <span class='ocrx_word' id='word_1_181' title='bbox 660 2939 902 3012; x_wconf 87' lang='lat' dir='ltr'><strong>paratus</strong></span> <span class='ocrx_word' id='word_1_182' title='bbox 947 2929 1095 3012; x_wconf 90' lang='lat' dir='ltr'><strong>sit),</strong></span> <span class='ocrx_word' id='word_1_183' title='bbox 1159 2931 1649 3013; x_wconf 88' lang='lat' dir='ltr'><strong>quemadmodum</strong></span> <span class='ocrx_word' id='word_1_184' title='bbox 1679 2931 1742 2993; x_wconf 91' lang='lat' dir='ltr'><strong>in</strong></span> <span class='ocrx_word' id='word_1_185' title='bbox 1773 2930 2066 2994; x_wconf 88' lang='lat' dir='ltr'><strong>locatione</strong></span> <span class='ocrx_word' id='word_1_186' title='bbox 2096 2949 2298 2992; x_wconf 89' lang='lat' dir='ltr'><strong>rerum</strong></span> <span class='ocrx_word' id='word_1_187' title='bbox 2330 2929 2483 2992; x_wconf 88' lang='lat' dir='ltr'><strong>vidi-</strong></span> 
     </span>
     <span class='ocr_line' id='line_1_26' title="bbox 302 3035 2482 3123; baseline -0.001 -24"><span class='ocrx_word' id='word_1_188' title='bbox 302 3058 461 3113; x_wconf 80' lang='lat' dir='ltr'><strong>mnS,</strong></span> <span class='ocrx_word' id='word_1_189' title='bbox 523 3045 585 3098; x_wconf 89' lang='lat' dir='ltr'><strong>et</strong></span> <span class='ocrx_word' id='word_1_190' title='bbox 624 3035 688 3098; x_wconf 92' lang='lat' dir='ltr'><strong>in</strong></span> <span class='ocrx_word' id='word_1_191' title='bbox 735 3037 776 3099; x_wconf 95' lang='lat' dir='ltr'><strong>l.</strong></span> <span class='ocrx_word' id='word_1_192' title='bbox 816 3035 872 3098; x_wconf 91' lang='lat'><strong>1.</strong></span> <span class='ocrx_word' id='word_1_193' title='bbox 907 3035 1054 3101; x_wconf 92' lang='lat' dir='ltr'><strong>Cod.</strong></span> <span class='ocrx_word' id='word_1_194' title='bbox 1090 3037 1223 3123; x_wconf 84' lang='lat' dir='ltr'><strong>(lv,</strong></span> <span class='ocrx_word' id='word_1_195' title='bbox 1259 3036 1370 3118; x_wconf 87' lang='grc'><strong>66)</strong></span> <span class='ocrx_word' id='word_1_196' title='bbox 1418 3059 1453 3100; x_wconf 91' lang='lat' dir='ltr'><strong>a</strong></span> <span class='ocrx_word' id='word_1_197' title='bbox 1483 3038 1727 3100; x_wconf 92' lang='lat' dir='ltr'><strong>Zenone</strong></span> <span class='ocrx_word' id='word_1_198' title='bbox 1768 3038 2125 3120; x_wconf 89' lang='lat' dir='ltr'><strong>rescriptum</strong></span> <span class='ocrx_word' id='word_1_199' title='bbox 2167 3056 2302 3100; x_wconf 91' lang='lat' dir='ltr'><strong>esse</strong></span> <span class='ocrx_word' id='word_1_200' title='bbox 2334 3035 2482 3118; x_wconf 87' lang='lat' dir='ltr'><strong>legi-</strong></span> 
     </span>
     <span class='ocr_line' id='line_1_27' title="bbox 306 3141 2482 3226; baseline -0.001 -21"><span class='ocrx_word' id='word_1_201' title='bbox 306 3163 462 3218; x_wconf 86' lang='lat' dir='ltr'><strong>muS,</strong></span> <span class='ocrx_word' id='word_1_202' title='bbox 513 3152 712 3207; x_wconf 89' lang='lat' dir='ltr'><strong>cessat</strong></span> <span class='ocrx_word' id='word_1_203' title='bbox 756 3143 1178 3226; x_wconf 88' lang='lat' dir='ltr'><strong>emphyteutae</strong></span> <span class='ocrx_word' id='word_1_204' title='bbox 1223 3143 1474 3205; x_wconf 88' lang='lat' dir='ltr'><strong>canonis</strong></span> <span class='ocrx_word' id='word_1_205' title='bbox 1505 3141 1795 3225; x_wconf 88' lang='lat' dir='ltr'><strong>pendendi</strong></span> <span class='ocrx_word' id='word_1_206' title='bbox 1827 3143 2133 3225; x_wconf 90' lang='lat' dir='ltr'><strong>obligatio,</strong></span> <span class='ocrx_word' id='word_1_207' title='bbox 2184 3143 2320 3224; x_wconf 87' lang='lat' dir='ltr'><strong>quia</strong></span> <span class='ocrx_word' id='word_1_208' title='bbox 2351 3141 2482 3223; x_wconf 88' lang='lat' dir='ltr'><strong>agri</strong></span> 
     </span>
     <span class='ocr_line' id='line_1_28' title="bbox 302 3247 2482 3333; baseline -0.001 -21"><span class='ocrx_word' id='word_1_209' title='bbox 302 3249 627 3333; x_wconf 86' lang='lat' dir='ltr'><strong>vectigales</strong></span> <span class='ocrx_word' id='word_1_210' title='bbox 661 3247 751 3330; x_wconf 89' lang='lat' dir='ltr'><strong>(in</strong></span> <span class='ocrx_word' id='word_1_211' title='bbox 770 3252 1148 3329; x_wconf 88' lang='lat' dir='ltr'><strong>perpetuum)</strong></span> <span class='ocrx_word' id='word_1_212' title='bbox 1179 3248 1287 3310; x_wconf 91' lang='lat' dir='ltr'><strong>hac</strong></span> <span class='ocrx_word' id='word_1_213' title='bbox 1319 3247 1453 3329; x_wconf 91' lang='lat' dir='ltr'><strong>lege</strong></span> <span class='ocrx_word' id='word_1_214' title='bbox 1484 3248 1784 3322; x_wconf 89' lang='lat' dir='ltr'><strong>locantur,</strong></span> <span class='ocrx_word' id='word_1_215' title='bbox 1823 3258 1940 3324; x_wconf 87' lang='lat' dir='ltr'><strong>„ut</strong></span> <span class='ocrx_word' id='word_1_216' title='bbox 1972 3247 2194 3309; x_wconf 90' lang='lat' dir='ltr'><strong>tamdiu</strong></span> <span class='ocrx_word' id='word_1_217' title='bbox 2224 3269 2330 3331; x_wconf 87' lang='lat' dir='ltr'><strong>pro</strong></span> <span class='ocrx_word' id='word_1_218' title='bbox 2361 3247 2482 3311; x_wconf 91' lang='lat' dir='ltr'><strong>illis</strong></span> 
     </span>
     <span class='ocr_line' id='line_1_29' title="bbox 303 3350 2482 3440; baseline -0.002 -20"><span class='ocrx_word' id='word_1_219' title='bbox 303 3355 562 3440; x_wconf 87' lang='lat' dir='ltr'><strong>vectigal</strong></span> <span class='ocrx_word' id='word_1_220' title='bbox 591 3352 907 3438; x_wconf 88' lang='lat' dir='ltr'><strong>pendatur,</strong></span> <span class='ocrx_word' id='word_1_221' title='bbox 958 3352 1236 3433; x_wconf 90' lang='lat' dir='ltr'><strong>quamdiu</strong></span> <span class='ocrx_word' id='word_1_222' title='bbox 1267 3350 1661 3434; x_wconf 82' lang='lat' dir='ltr'><strong>neque&#39;ipsiS,</strong></span> <span class='ocrx_word' id='word_1_223' title='bbox 1696 3350 1794 3432; x_wconf 88' lang='lat' dir='ltr'><strong>qui</strong></span> <span class='ocrx_word' id='word_1_224' title='bbox 1830 3353 2254 3429; x_wconf 85' lang='lat' dir='ltr'><strong>conduxerint,</strong></span> <span class='ocrx_word' id='word_1_225' title='bbox 2289 3373 2482 3435; x_wconf 92' lang='lat' dir='ltr'><strong>neque</strong></span> 
     </span>
     <span class='ocr_line' id='line_1_30' title="bbox 305 3456 2339 3541; baseline -0.003 -16"><span class='ocrx_word' id='word_1_226' title='bbox 305 3463 399 3525; x_wconf 92' lang='lat' dir='ltr'><strong>his</strong></span> <span class='ocrx_word' id='word_1_227' title='bbox 431 3460 529 3541; x_wconf 89' lang='lat' dir='ltr'><strong>qui</strong></span> <span class='ocrx_word' id='word_1_228' title='bbox 558 3460 624 3520; x_wconf 92' lang='lat' dir='ltr'><strong>in</strong></span> <span class='ocrx_word' id='word_1_229' title='bbox 654 3458 850 3520; x_wconf 91' lang='lat' dir='ltr'><strong>locum</strong></span> <span class='ocrx_word' id='word_1_230' title='bbox 881 3476 1084 3524; x_wconf 86' lang='lat' dir='ltr'><strong>eorum</strong></span> <span class='ocrx_word' id='word_1_231' title='bbox 1117 3467 1562 3531; x_wconf 84' lang='lat' dir='ltr'><strong>successerunt,</strong></span> <span class='ocrx_word' id='word_1_232' title='bbox 1599 3456 1823 3519; x_wconf 85' lang='lat' dir='ltr'><strong>auferri</strong></span> <span class='ocrx_word' id='word_1_233' title='bbox 1856 3477 1960 3520; x_wconf 93' lang='lat' dir='ltr'><strong>eos</strong></span> <span class='ocrx_word' id='word_1_234' title='bbox 1991 3457 2252 3520; x_wconf 86' lang='lat' dir='ltr'><strong>liceat.“</strong></span> <span class='ocrx_word' id='word_1_235' title='bbox 2288 3456 2339 3539; x_wconf 85' lang='lat'><strong>¹)</strong></span> 
     </span>
    </p>

    <p class='ocr_par' dir='ltr' id='par_1_4' title="bbox 304 3561 2483 4184">
     <span class='ocr_line' id='line_1_31' title="bbox 478 3561 2482 3648; baseline 0 -21"><span class='ocrx_word' id='word_1_236' title='bbox 478 3566 510 3648; x_wconf 62' lang='grc' dir='ltr'><strong>ἓ</strong></span> <span class='ocrx_word' id='word_1_237' title='bbox 560 3561 664 3627; x_wconf 88' lang='grc'><strong>19.</strong></span> <span class='ocrx_word' id='word_1_238' title='bbox 758 3561 832 3624; x_wconf 93' lang='lat' dir='ltr'><strong>V.</strong></span> <span class='ocrx_word' id='word_1_239' title='bbox 882 3561 980 3626; x_wconf 85' lang='lat' dir='ltr'><strong>De</strong></span> <span class='ocrx_word' id='word_1_240' title='bbox 1010 3565 1271 3626; x_wconf 74' lang='lat' dir='ltr'><strong>emtione</strong></span> <span class='ocrx_word' id='word_1_241' title='bbox 1301 3564 1683 3628; x_wconf 80' lang='lat' dir='ltr'><strong>venditione.</strong></span> <span class='ocrx_word' id='word_1_242' title='bbox 1772 3564 2193 3648; x_wconf 84' lang='lat' dir='ltr'><strong>Progredimur</strong></span> <span class='ocrx_word' id='word_1_243' title='bbox 2222 3586 2378 3628; x_wconf 91' lang='lat' dir='ltr'><strong>nunc</strong></span> <span class='ocrx_word' id='word_1_244' title='bbox 2410 3566 2482 3628; x_wconf 91' lang='lat' dir='ltr'><strong>ad</strong></span> 
     </span>
     <span class='ocr_line' id='line_1_32' title="bbox 305 3667 2481 3758; baseline 0 -24"><span class='ocrx_word' id='word_1_245' title='bbox 305 3670 691 3758; x_wconf 89' lang='lat' dir='ltr'><strong>principalem</strong></span> <span class='ocrx_word' id='word_1_246' title='bbox 726 3667 1158 3750; x_wconf 89' lang='lat' dir='ltr'><strong>disquisitionis</strong></span> <span class='ocrx_word' id='word_1_247' title='bbox 1189 3680 1417 3754; x_wconf 90' lang='lat' dir='ltr'><strong>partem</strong></span> <span class='ocrx_word' id='word_1_248' title='bbox 1452 3683 1532 3749; x_wconf 93' lang='lat' dir='ltr'><strong>et,</strong></span> <span class='ocrx_word' id='word_1_249' title='bbox 1568 3682 1635 3734; x_wconf 91' lang='lat' dir='ltr'><strong>ut</strong></span> <span class='ocrx_word' id='word_1_250' title='bbox 1663 3671 1747 3736; x_wconf 87' lang='lat' dir='ltr'><strong>ita</strong></span> <span class='ocrx_word' id='word_1_251' title='bbox 1780 3672 1995 3749; x_wconf 90' lang='lat' dir='ltr'><strong>dicam,</strong></span> <span class='ocrx_word' id='word_1_252' title='bbox 2029 3671 2209 3736; x_wconf 87' lang='lat' dir='ltr'><strong>totius</strong></span> <span class='ocrx_word' id='word_1_253' title='bbox 2241 3681 2481 3735; x_wconf 92' lang='lat' dir='ltr'><strong>contro-</strong></span> 
     </span>
     <span class='ocr_line' id='line_1_33' title="bbox 304 3775 2483 3862; baseline -0.003 -17"><span class='ocrx_word' id='word_1_254' title='bbox 304 3779 541 3846; x_wconf 89' lang='lat' dir='ltr'><strong>versiae</strong></span> <span class='ocrx_word' id='word_1_255' title='bbox 573 3777 899 3840; x_wconf 82' lang='lat' dir='ltr'><strong>cardinem.</strong></span> <span class='ocrx_word' id='word_1_256' title='bbox 994 3775 1249 3840; x_wconf 87' lang='lat' dir='ltr'><strong>Causam</strong></span> <span class='ocrx_word' id='word_1_257' title='bbox 1283 3779 1465 3856; x_wconf 90' lang='lat' dir='ltr'><strong>enim,</strong></span> <span class='ocrx_word' id='word_1_258' title='bbox 1502 3800 1608 3844; x_wconf 90' lang='lat' dir='ltr'><strong>cur</strong></span> <span class='ocrx_word' id='word_1_259' title='bbox 1637 3780 1759 3843; x_wconf 91' lang='lat' dir='ltr'><strong>ICti</strong></span> <span class='ocrx_word' id='word_1_260' title='bbox 1792 3780 1863 3842; x_wconf 91' lang='lat' dir='ltr'><strong>de</strong></span> <span class='ocrx_word' id='word_1_261' title='bbox 1895 3778 2245 3862; x_wconf 89' lang='lat' dir='ltr'><strong>quaestione</strong></span> <span class='ocrx_word' id='word_1_262' title='bbox 2278 3786 2483 3839; x_wconf 91' lang='lat' dir='ltr'><strong>nostra</strong></span> 
     </span>
     <span class='ocr_line' id='line_1_34' title="bbox 305 3883 2475 3972; baseline -0.002 -24"><span class='ocrx_word' id='word_1_263' title='bbox 305 3886 368 3949; x_wconf 93' lang='lat' dir='ltr'><strong>in</strong></span> <span class='ocrx_word' id='word_1_264' title='bbox 415 3885 684 3948; x_wconf 86' lang='lat' dir='ltr'><strong>diversas</strong></span> <span class='ocrx_word' id='word_1_265' title='bbox 730 3883 1061 3947; x_wconf 89' lang='lat' dir='ltr'><strong>sententias</strong></span> <span class='ocrx_word' id='word_1_266' title='bbox 1108 3883 1405 3963; x_wconf 88' lang='lat' dir='ltr'><strong>abierint,</strong></span> <span class='ocrx_word' id='word_1_267' title='bbox 1466 3886 1530 3949; x_wconf 92' lang='lat' dir='ltr'><strong>in</strong></span> <span class='ocrx_word' id='word_1_268' title='bbox 1574 3906 1645 3949; x_wconf 93' lang='lat' dir='ltr'><strong>eo</strong></span> <span class='ocrx_word' id='word_1_269' title='bbox 1689 3886 1947 3972; x_wconf 92' lang='lat' dir='ltr'><strong>positum</strong></span> <span class='ocrx_word' id='word_1_270' title='bbox 1996 3905 2133 3947; x_wconf 91' lang='lat' dir='ltr'><strong>esse</strong></span> <span class='ocrx_word' id='word_1_271' title='bbox 2193 3883 2475 3960; x_wconf 81' lang='lat' dir='ltr'><strong>arbitror,</strong></span> 
     </span>
     <span class='ocr_line' id='line_1_35' title="bbox 308 3988 2483 4076; baseline 0 -23"><span class='ocrx_word' id='word_1_272' title='bbox 308 3991 460 4075; x_wconf 91' lang='lat' dir='ltr'><strong>quod</strong></span> <span class='ocrx_word' id='word_1_273' title='bbox 506 3988 785 4054; x_wconf 89' lang='lat' dir='ltr'><strong>emtionis</strong></span> <span class='ocrx_word' id='word_1_274' title='bbox 831 3989 1192 4054; x_wconf 89' lang='lat' dir='ltr'><strong>venditionis</strong></span> <span class='ocrx_word' id='word_1_275' title='bbox 1242 3991 1480 4076; x_wconf 88' lang='lat' dir='ltr'><strong>propria</strong></span> <span class='ocrx_word' id='word_1_276' title='bbox 1521 4004 1735 4057; x_wconf 85' lang='lat' dir='ltr'><strong>natura</strong></span> <span class='ocrx_word' id='word_1_277' title='bbox 1765 4003 1825 4055; x_wconf 90' lang='lat' dir='ltr'><strong>et</strong></span> <span class='ocrx_word' id='word_1_278' title='bbox 1854 3991 2009 4055; x_wconf 91' lang='lat' dir='ltr'><strong>ratio</strong></span> <span class='ocrx_word' id='word_1_279' title='bbox 2043 4012 2162 4052; x_wconf 88' lang='lat' dir='ltr'><strong>non</strong></span> <span class='ocrx_word' id='word_1_280' title='bbox 2192 4001 2357 4054; x_wconf 91' lang='lat' dir='ltr'><strong>recte</strong></span> <span class='ocrx_word' id='word_1_281' title='bbox 2390 4001 2483 4053; x_wconf 92' lang='lat' dir='ltr'><strong>est</strong></span> 
     </span>
     <span class='ocr_line' id='line_1_36' title="bbox 309 4096 2480 4184; baseline -0.001 -23"><span class='ocrx_word' id='word_1_282' title='bbox 309 4098 632 4162; x_wconf 90' lang='lat' dir='ltr'><strong>intellecta.</strong></span> <span class='ocrx_word' id='word_1_283' title='bbox 723 4096 890 4160; x_wconf 89' lang='lat' dir='ltr'><strong>Unde</strong></span> <span class='ocrx_word' id='word_1_284' title='bbox 920 4096 1307 4181; x_wconf 89' lang='lat' dir='ltr'><strong>probaturum</strong></span> <span class='ocrx_word' id='word_1_285' title='bbox 1337 4120 1432 4163; x_wconf 91' lang='lat' dir='ltr'><strong>me</strong></span> <span class='ocrx_word' id='word_1_286' title='bbox 1463 4120 1665 4184; x_wconf 90' lang='lat' dir='ltr'><strong>spero,</strong></span> <span class='ocrx_word' id='word_1_287' title='bbox 1713 4100 1787 4161; x_wconf 91' lang='lat' dir='ltr'><strong>de</strong></span> <span class='ocrx_word' id='word_1_288' title='bbox 1832 4097 2094 4162; x_wconf 87' lang='lat' dir='ltr'><strong>emtione</strong></span> <span class='ocrx_word' id='word_1_289' title='bbox 2134 4096 2480 4161; x_wconf 85' lang='lat' dir='ltr'><strong>venditione</strong></span> 
     </span>
    </p>
   </div>
   <div class='ocr_carea' id='block_1_3' title="bbox 314 4252 729 4265">
    <p class='ocr_par' dir='ltr' id='par_1_5' title="bbox 314 4252 729 4265">
     <span class='ocr_line' id='line_1_37' title="bbox 314 4252 729 4265; baseline 0 787"><span class='ocrx_word' id='word_1_290' title='bbox 314 4252 729 4265; x_wconf 95' lang='lat' dir='ltr'><strong> </strong></span> 
     </span>
    </p>
   </div>
   <div class='ocr_carea' id='block_1_4' title="bbox 449 4321 1440 4392">
    <p class='ocr_par' dir='ltr' id='par_1_6' title="bbox 449 4321 1440 4392">
     <span class='ocr_line' id='line_1_38' title="bbox 449 4321 1440 4392; baseline 0.002 -16"><span class='ocrx_word' id='word_1_291' title='bbox 449 4323 503 4388; x_wconf 90' lang='lat'><strong>1)</strong></span> <span class='ocrx_word' id='word_1_292' title='bbox 539 4323 577 4373; x_wconf 88' lang='lat' dir='ltr'><strong>l.</strong></span> <span class='ocrx_word' id='word_1_293' title='bbox 610 4325 659 4376; x_wconf 93' lang='lat'><strong>1.</strong></span> <span class='ocrx_word' id='word_1_294' title='bbox 687 4322 751 4375; x_wconf 82' lang='lat' dir='ltr'><strong>D.</strong></span> <span class='ocrx_word' id='word_1_295' title='bbox 779 4321 832 4373; x_wconf 92' lang='lat' dir='ltr'><strong>Si</strong></span> <span class='ocrx_word' id='word_1_296' title='bbox 860 4337 982 4387; x_wconf 77' lang='lat' dir='ltr'><strong>ager</strong></span> <span class='ocrx_word' id='word_1_297' title='bbox 1003 4324 1190 4388; x_wconf 75' lang='lat' dir='ltr'><strong>vectig.</strong></span> <span class='ocrx_word' id='word_1_298' title='bbox 1219 4323 1332 4391; x_wconf 81' lang='lat' dir='ltr'><strong>(vl,</strong></span> <span class='ocrx_word' id='word_1_299' title='bbox 1361 4325 1440 4392; x_wconf 83' lang='lat'><strong>3).</strong></span> 
     </span>
    </p>
   </div>
  </div>
 </body>
</html>
