2782 5052
964 360 1562 425 —31—

141 554 236 616 ad
267 563 590 616 externum
624 552 894 626 effectum
923 570 1024 614 res
1055 550 1314 613 nondum
1346 561 1587 633 peracta
1619 561 1734 630 est,
1757 552 1922 634 quasi
1954 574 1987 615 a
2010 555 2347 621 conditione

143 659 357 722 adhuc
400 659 704 743 pendens3
755 658 862 720 sed
907 667 968 720 et
994 655 1331 720 venditoris
1352 650 1426 720 'et
1455 656 1698 719 emtoris
1732 659 1992 721 conditio
2022 660 2198 745 longe
2230 665 2348 728 alia

143 776 257 828 est
300 767 456 830 facta
497 774 772 847 respectu
803 763 1024 826 mercis
1057 763 1278 826 habito.
1339 763 1946 847 Dominium‘quidem
1976 767 2210 849 plenum
2244 773 2348 835 do-

142 872 326 934 mino
382 881 767 946 reservatur,
819 890 929 933 nec
971 890 1121 932 vero
1161 869 1352 932 libera
1395 871 1485 933 rei
1529 881 1832 953 potestas,
1882 872 2231 957 disponendi
2275 879 2346 941 de

144 997 370 1040 merce
404 978 505 1062 jus
551 976 765 1039 emtori
810 976 1132 1062 suincitur
1172 975 1427 1059 pretium
1472 977 1785 1053 soluturo,
1817 979 2199 1063 ejusdemque
2240 1006 2348 1047 vo-

144 1083 377 1148 luntati
418 1082 849 1167 adstringitur3
913 1094 1126 1167 sponte
1185 1083 1248 1146 in
1307 1082 1485 1145 talem
1549 1082 1857 1146 descendit
1914 1086 2342 1168 conditionem,

149 1190 398 1273 qualem
431 1189 762 1252 detentoris
793 1188 988 1252 alieno
1019 1188 1284 1265 nomine,
1318 1189 1549 1271 qualem
1583 1191 1819 1272 negotia
1854 1191 2047 1256 aliena
2078 1197 2347 1276 gerentis

152 1302 303 1378 ess-e
348 1298 628 1360 vidimus.
694 1294 762 1358 In
804 1316 875 1358 eo
906 1295 1094 1378 prima
1125 1295 1452 1379 praestatio
1483 1296 1815 1359 consistere
1845 1298 2119 1378 videtur,
2171 1323 2346 1384 quam

152 1387 444 1466 venditor
475 1403 689 1479 efficit3
726 1423 846 1464 non
879 1413 1134 1464 externo
1157 1401 1523 1484 ,exprimitur
1553 1413 1712 1479 actu,
1748 1423 1868 1465 non
1899 1406 2137 1488 proprio
2173 1429 2350 1493 pera-

155 1508 329 1592 gitur
372 1509 566 1591 facto,
616 1507 752 1589 quia
797 1507 861 1569 in
907 1509 1181 1570 externis
1227 1507 1387 1570 nulla
1419 1507 1485 1570 fit
1513 1508 1798 1584 mutatio,
1846 1510 2096 1572 mutatio
2119 1513 2347 1594 jurium

154 1623 393 1676 tantum
437 1623 559 1687 est,
608 1633 800 1696 neque
842 1624 1118 1697 separata
1163 1612 1234 1676 ab
1281 1617 1407 1696 ipso
1451 1624 1586 1675 actu
1629 1614 2023 1698 perficiendae
2067 1617 2346 1682 emtionis

152 1719 469 1804 procedit,
516 1720 621 1782 sed
665 1741 771 1803 pro
816 1719 907 1782 rei
940 1729 1154 1783 natura
1194 1719 1309 1802 ipsi
1352 1719 1490 1782 huic
1533 1720 1692 1783 actui
1737 1720 1905 1803 quasi
1945 1722 2213 1786 involuta
2256 1737 2350 1789 est

156 1827 386 1889 haecce
418 1825 743 1909 praestatio
776 1825 946 1908 eique
977 1826 1108 1910 ipso
1139 1825 1272 1889 iure
1303 1825 1645 1890 inhaerens.
1712 1827 2086 1912 Quapropter
2116 1835 2342 1912 evenit,

152 1942 229 1996 ut
287 1931 526 2016 propria
568 1932 712 1994 haec
757 1932 850 1999 vis
898 1944 958 1996 ct
1002 1932 1328 2018 singularis
1371 1933 1528 1995 ratio
1572 1935 1868 2016 perfectae
1902 1937 2178 2002 emtionis
2225 1961 2346 2004 non

154 2020 443 2103 accurate
499 2038 580 2102 sit
636 2039 948 2102 enucleata
1001 2059 1113 2102 nec
1167 2060 1376 2102 verum
1428 2039 1563 2103 talis
1612 2040 1856 2103 effectus
1897 2043 2346 2109 fundamentum

153 2145 578 2229 perquisitum.
643 2145 710 2208 In
757 2164 829 2207 eo
862 2145 1283 2229 acquirebant,
1320 2155 1385 2209 ut
1412 2146 1659 2229 perfecti
1690 2157 2035 2212 contractus
2064 2151 2119 2214 is
2151 2152 2234 2215 sit
2262 2156 2349 2217 ef-

154 2254 360 2316 fectus
379 2298 397 2330 ,
449 2261 515 2315 ut
555 2253 1030 2315 contrahentium
1061 2264 1276 2315 neuter
1304 2252 1545 2337 proprio
1579 2274 1690 2315 suo
1720 2253 1942 2335 impetu
1973 2276 2009 2316 a
2038 2256 2172 2340 lege
2205 2279 2348 2320 con-

154 2370 396 2422 tractus
427 2360 619 2442 possit
647 2360 974 2435 recedere3
1028 2357 1090 2420 in
1123 2378 1194 2421 eo
1218 2403 1235 2434 ,
1282 2370 1382 2437 ut,
1432 2360 1527 2442 qui
1560 2369 1873 2442 praeterea
1903 2372 2233 2442 sequantur
2262 2367 2347 2427 ef-

155 2468 362 2529 fectus
394 2466 717 2548 perfectam
746 2466 1179 2541 venditionem,
1229 2483 1311 2526 ex
1340 2465 1616 2549 positivis
1640 2464 1799 2550 juris
1834 2467 2060 2531 normis
2092 2472 2345 2553 profecti

156 2570 398 2654 sint¹)3
453 2592 663 2636 veram
709 2583 903 2635 autem
966 2573 1263 2636 internam
1324 2583 1593 2640 naturam
1641 2572 1941 2654 perfectae
1984 2576 2347 2660 venditionis

154 2702 287 2743 non
329 2691 496 2742 recte
538 2678 1117 2763 comprehendebant
1159 2689 1220 2740 et
1252 2678 1514 2741 radicem
1547 2680 1796 2741 istorum
1830 2666 2142 2741 effectuum
2174 2701 2347 2763 prae-

157 2786 597 2850 termittebant.
664 2786 791 2848 Hoc
834 2805 980 2849 saue
1021 2807 1257 2862 verum,
1290 2786 1688 2848 Romanorum
1724 2807 1956 2868 quoque
1988 2785 2160 2851 ICtos
2193 2789 2348 2851 radi-

155 2914 297 2956 cem
340 2893 514 2956 istam
565 2903 625 2954 et
665 2892 965 2955 internum
999 2893 1158 2978 juris
1190 2892 1543 2977 principium
1576 2914 1696 2955 non
1728 2892 2068 2977 specialiter
2098 2915 2348 2978 expres-

155 3000 364 3076 sisse,
401 3020 512 3062 nec
546 3009 741 3062 tamen
775 2999 887 3062 hoc
918 2999 1155 3063 mirum.
1223 2999 1380 3064 Satis
1413 3002 1569 3064 enim
1603 3011 1699 3063 est
1727 3011 1931 3063 notum
1952 3048 1969 3079 ,
2026 3001 2163 3065 illos
2186 3002 2346 3086 juris

158 3104 506 3168 conditores
550 3105 636 3169 ita
667 3108 770 3190 jus
793 3108 1225 3189 ‘composuisse
1258 3117 1321 3169 et
1350 3126 1739 3190 procreasse,
1789 3117 1855 3169 ut
1885 3107 2154 3190 singulas
2189 3108 2348 3171 deci-

157 3210 369 3275 siones
415 3223 850 3295 proponerent,
902 3210 1238 3275 communia
1298 3220 1496 3272 tamen
1544 3211 1853 3273 decidendi
1894 3212 2184 3296 principia
2226 3236 2347 3277 non

158 3315 591 3399 tractareut2).
652 3317 861 3399 Neque
906 3317 1093 3399 igitur
1134 3315 1247 3375 hoc
1287 3334 1382 3376 me
1413 3325 1648 3388 movet,
1699 3315 1852 3393 quod
1885 3317 2184 3380 nonnullis
2216 3322 2347 3382 fon·

158 3424 313 3486 tium
344 3425 491 3488 locis
522 3421 766 3486 disertis
796 3420 1000 3484 verbis
1031 3419 1251 3481 dicitur
1271 3465 1289 3496 ,
1323 3429 1464 3481 ante
1495 3418 1772 3479 traditam
1802 3439 2061 3482 mercem
2092 3445 2222 3486 rem
2255 3430 2347 3487 in-

162 3541 416 3614 tegram
462 3547 637 3604 esse3
684 3524 842 3588 ital.
877 3525 941 3588 2.
992 3525 1065 3587 D.
1116 3526 1190 3588 de
1235 3543 1394 3587 rese.
1442 3524 1623 3587 vend.
1674 3523 1823 3606 (18,
1861 3523 1965 3611 5)=
2023 3526 2346 3612 „Siquam

159 3658 295 3700 rem
328 3655 364 3696 a
396 3643 454 3695 te
486 3632 640 3710 emi,
688 3631 933 3695 eandem
963 3652 1172 3696 rursus
1203 3653 1237 3695 a
1269 3643 1329 3695 te
1360 3630 1549 3716 pluris
1581 3629 1908 3696 minorisve
1940 3653 2177 3712 emer03
2229 3636 2348 3701 ‹tis-

164 3740 461 3806 cessimus
505 3760 541 3803 a
583 3739 786 3824 priore
832 3740 1106 3803 emtiore.
1170 3740 1376 3803 Potest
1421 3738 1577 3802 enim
1625 3740 1762 3803 dum
1806 3760 1907 3804 res
1949 3739 2185 3823 integra
2227 3753 2343 3818 est,

168 3846 569 3911 conventione
598 3858 839 3926 nostra,
874 3847 1097 3912 infecta
1127 3846 1526 3920 fieri‚emtio“
1561 3857 1622 3908 et
1651 3847 1693 3909 l.
1728 3848 1792 3909 2.
1831 3845 1976 3909 Cod.
2015 3846 2246 3928 quando
2276 3846 2349 3908 li-

168 3964 305 4017 ceat
344 3953 417 4017 ab
466 3965 607 4018 emt.
644 3955 791 4018 disc.
827 3953 921 4038 (4,
957 3954 1110 4037 45)=
1161 3955 1550 4034 „Perfectam
1582 3950 1900 4014 emtionem
1933 3963 2109 4034 atque
2139 3952 2350 4015 vendi·

285 4141 339 4205 1)
377 4140 518 4192 Unde
545 4143 875 4210 solummodo,
903 4149 958 4192 ut
983 4143 1078 4194 hoc
1102 4150 1220 4193 utar
1244 4157 1343 4192 uno
1370 4139 1621 4206 exemplo,
1649 4138 1869 4204 intelligi
1893 4146 2080 4205 potest,
2112 4143 2350 4208 quemad-

169 4226 367 4277 modum
391 4226 530 4278 Lfihr
554 4230 848 4280 existimare
874 4228 1125 4294 potuerit,
1158 4226 1317 4277 fuisse
1343 4226 1491 4276 lCtos
1516 4224 1766 4274 Romanos
1783 4262 1797 4289 ,
1827 4225 2027 4290 quihus,
2056 4229 2350 4280 custodien-

172 4312 263 4362 dae
290 4312 364 4362 rei
388 4314 629 4366 venditae
656 4315 1014 4366 necessitatem
1053 4329 1149 4362 non
1178 4312 1467 4363 incumbere
1492 4310 1765 4376 venditori,
1792 4311 2037 4376 placeret.
2076 4340 2144 4352 —
2179 4315 2238 4381 2)
2275 4314 2343 4368 cf.

173 4397 242 4447 de
269 4397 586 4465 Savigny,
622 4400 856 4467 Sys-tem,
886 4399 927 4450 1.
956 4417 1005 4466 p.
1034 4398 1155 4449 383.
