2782 5052
1212 427 1385 437 —-
1475 387 1557 452 18
1642 424 1846 464 -—-.,

425 577 750 662 telligenda
790 577 901 653 sit,
952 577 1125 640 modo
1169 577 1461 654 vidimus3
1509 577 1573 639 in
1618 597 1733 658 qua
1761 573 2118 638 illustranda
2148 575 2324 637 etiam
2353 574 2611 638 demon-

424 685 784 761 stravimuS,
833 705 956 746 non
1015 703 1524 767 supervacaneam
1580 683 1767 746 fuisse
1813 681 1964 745 hanc
2008 680 2412 758 sanctionem,
2461 680 2611 762 quia

424 813 545 855 non
579 793 650 854 de
680 792 954 854 mercede
986 791 1270 855 locatoris
1303 789 1562 871 quidem,
1598 789 1704 853 sed
1734 789 1806 853 de
1839 788 2162 852 honorario
2192 789 2466 851 advocati
2498 787 2610 848 du-

422 899 639 962 bitatiov
676 906 912 981 poterat
953 896 1221 973 moveri,
1272 907 1478 980 utpote
1521 897 1594 959 de
1639 915 1754 978 quo
1792 895 1954 980 juris
2000 894 2311 978 disciplina
2350 914 2472 956 non
2518 892 2605 955 ita

425 1006 652 1089 pridem
685 1005 926 1067 exculta
957 1012 1290 1086 appareret.

598 1113 631 1194 ς
684 1109 787 1173 14.
880 1110 1041 1191 Ergo
1074 1109 1132 1171 id
1164 1108 1398 1190 quidem
1431 1108 1807 1192 perspicuum
1839 1116 1953 1185 est,
1975 1107 2096 1170 illis
2129 1106 2359 1188 legibus
2393 1126 2603 1169 eorum

423 1218 822 1294 sententiam,
872 1216 972 1297 qui
1031 1225 1278 1299 putent,
1322 1214 1661 1297 ubicunque
1721 1214 1852 1277 sine
1911 1213 2102 1299 ipsius
2152 1213 2323 1296 culpa
2367 1213 2604 1275 locator

423 1332 731 1405 praestare
778 1321 1198 1405 prohibeatur,
1248 1322 1584 1385 mercedem
1631 1320 1747 1404 peti
1792 1341 2006 1405 posse,
2058 1341 2432 1403 nequaquam
2460 1340 2603 1402 pro-

423 1429 552 1492 bari
572 1474 589 1505 ,
626 1450 804 1511 quum
836 1447 1043 1491 omnes
1076 1427 1239 1510 leges
1260 1475 1278 1506 ,
1314 1449 1463 1510 quas
1495 1428 1953 1491 memoravimus
1972 1473 1990 1504 ,
2031 1427 2278 1490 nonnisi
2309 1447 2379 1489 ea
2411 1426 2605 1510 respi-

424 1535 584 1599 ciant
612 1535 713 1598 vel
740 1535 1046 1617 respicere
1078 1534 1329 1618 intelligi
1362 1536 1595 1619 possint
1625 1535 2042 1618 impedimenta
2065 1580 2082 1611 ,
2119 1554 2270 1615 quae
2299 1553 2379 1595 ex
2410 1532 2602 1615 ipsius

423 1642 804 1705 conductoris
851 1661 1109 1724 persona
1157 1642 1544 1703 descendant.
1585 1678 1662 1688 —
1697 1641 1809 1704 Sed
1843 1644 1901 1702 in
1934 1641 2046 1703 hoc
2075 1639 2453 1722 acquiescere
2485 1638 2599 1700 mi-

422 1749 581 1811 nime
627 1747 926 1828 cogimur3
978 1745 1259 1810 habemus
1305 1749 1461 1811 enim
1505 1747 1681 1811 etiam
1719 1758 1947 1810 certum
1980 1757 2225 1809 nostrae
2255 1746 2594 1810 sententiae

422 1852 829 1916 testimonium
888 1852 949 1914 in
1011 1852 1321 1916 notissima
1381 1853 1485 1916 illa
1533 1854 1577 1915 l.
1615 1875 1669 1916 c.
1711 1853 1813 1917 15.
1866 1856 1899 1937 ᾖ
1941 1851 2005 1916 6.
2053 1853 2125 1915 D.
2175 1853 2394 1932 locati,
2444 1874 2597 1935 quae

424 1980 778 2042 quamquam
817 1958 1131 2022 rarissima
1172 1958 1493 2022 verborum
1538 1970 1841 2023 structura
1886 1979 2177 2043 expressa
2222 1971 2350 2037 est,
2403 1972 2604 2023 tamen

424 2068 486 2128 in
533 2087 606 2128 ea
653 2075 860 2149 parte,
913 2085 1063 2147 quae
1108 2067 1182 2129 ad
1215 2087 1325 2129 nos
1356 2064 1651 2149 pertinet,
1703 2077 1879 2129 extra
1909 2089 2144 2130 omnem
2176 2065 2602 2130 dubitationem

426 2193 563 2237 esse
605 2171 881 2249 videtur,
932 2182 994 2233 et
1036 2170 1416 2255 apertissime
1462 2171 1707 2249 edocet,
1759 2194 1891 2236 cum
1925 2174 2162 2256 quidam
2193 2192 2347 2237 nave
2379 2175 2605 2236 amissa

425 2298 674 2342 munere
716 2276 976 2341 vehendi
1020 2279 1258 2341 functus
1304 2299 1427 2340 non
1458 2278 1577 2353 sit,
1625 2279 1679 2342 ei
1709 2292 2014 2343 vecturam
2047 2301 2168 2343 non
2201 2280 2438 2357 deberi,
2490 2299 2601 2342 ex-

423 2406 630 2469 presse
676 2385 939 2448 addens:
993 2385 1205 2466 „quod
1253 2386 1315 2447 in
1348 2385 1623 2449 omnibus
1653 2387 1931 2470 personis
1963 2386 2239 2450 similiter
2268 2387 2597 2451 observan-

426 2494 561 2558 dum
593 2500 758 2559 est“.
819 2491 1249 2556 Miihlenbruch
1283 2491 1435 2555 hanc
1466 2492 1658 2577 legem
1689 2492 1777 2557 sic
1807 2494 2259 2577 interpretatur,
2293 2502 2360 2557 ut
2388 2494 2451 2557 in
2483 2494 2601 2559 isto

427 2623 572 2666 casu
616 2602 721 2664 lex
764 2609 1106 2664 contractus
1138 2618 1492 2683 expressam
1524 2600 1924 2664 conditionem
1944 2647 1961 2677 ,
2013 2622 2134 2664 non
2163 2600 2363 2663 deberi
2393 2612 2602 2664 vectu-

425 2729 592 2787 ram,
642 2707 759 2771 nisi
800 2725 1048 2771 munere
1087 2707 1345 2769 vehendi
1393 2707 1739 2789 perfunctus
1771 2706 1849 2769 sit
1878 2707 2145 2785 locator,
2196 2707 2599 2784 continuerit3

425 2826 489 2878 at
528 2835 676 2879 vero
722 2813 963 2876 ubinam
1009 2813 1276 2896 gentium
1321 2812 1459 2874 talis
1505 2823 1846 2876 contractus
1891 2813 1986 2876 lex
2017 2833 2307 2897 expressa
2336 2812 2440 2876 vel
2470 2821 2605 2874 tan-

429 2933 553 2984 tum
593 2919 899 2982 levissime
943 2919 1202 2982 indicata
1234 2920 1363 2982 est?
1410 2920 1803 3002 praetermitti
1835 2920 1995 2982 nullo
2026 2920 2200 2982 modo
2232 2929 2504 3002 poterat,
2550 2918 2604 2980 si

423 3030 509 3092 ita
542 3035 900 3090 conventum
933 3036 1116 3088 esset.
1176 3024 1388 3107 Neque
1418 3023 1531 3089 hoc
1561 3026 1673 3089 dici
1704 3035 1933 3110 potest,
1982 3026 2153 3108 culpa
2181 3025 2466 3089 locatoris
2500 3045 2604 3087 na-

425 3154 561 3198 vem
610 3153 746 3196 esse
788 3141 1147 3216 peremtam,
1196 3133 1329 3214 quia
1377 3132 1558 3195 talem
1590 3153 1827 3196 causam
1859 3155 1977 3195 non
2011 3151 2303 3216 expresse
2333 3132 2609 3194 nomina-

427 3251 550 3303 tam
581 3258 959 3323 praesumere
991 3259 1111 3300 non
1141 3239 1304 3301 licet.
1362 3237 1565 3321 Itaque
1600 3238 1711 3302 hoc
1738 3250 1995 3318 constat,
2015 3239 2348 3321 ubicunque
2373 3238 2610 3301 locator

428 3347 502 3410 ad
544 3346 1009 3430 praestationem
1055 3345 1423 3410 efficiendam
1467 3365 1684 3409 revera
1731 3355 1998 3429 promtus
2060 3355 2424 3429 paratusque
2482 3365 2607 3407 non

429 3454 630 3531 fuerit,
666 3454 1001 3516 mercedem
1033 3451 1090 3514 ei
1121 3473 1245 3515 non
1275 3451 1503 3514 deberi.

601 3560 634 3641 g
683 3557 784 3621 15.
880 3558 1067 3638 Quam
1099 3559 1457 3622 sententiam
1486 3556 1744 3630 W01ff¹›
1776 3559 1857 3622 ita
1888 3558 2236 3641 restringit,
2281 3568 2348 3619 ut
2376 3576 2610 3619 merce-

430 3666 564 3728 dem
596 3665 795 3728 deberi
829 3665 1180 3741 contendat,
1226 3666 1279 3727 si
1312 3665 1640 3748 praestatio
1671 3664 2054 3748 impossibilis
2090 3665 2189 3726 [iat
2219 3673 2465 3746 propter
2495 3663 2610 3725 im-

428 3773 832 3856 pedimentum
864 3793 987 3836 non,
1016 3792 1097 3833 ex
1126 3771 1409 3834 locatoris
1440 3772 1672 3853 quidem
1705 3792 1963 3855 persona
1984 3770 2395 3854 proficiscens,
2425 3779 2612 3852 atque

430 3880 515 3941 ita
558 3880 912 3961 distinguat:
961 3879 1447 3962 impedimentum
1492 3877 1869 3960 obligationis
1900 3877 2236 3960 implendae
2266 3886 2368 3939 aut
2401 3897 2434 3939 e
2464 3897 2612 3938 con-

432 3986 791 4049 trahentium
823 3986 969 4069 ipsis
1001 3985 1276 4069 personis
1308 3984 1742 4067 proficiscitur,
1793 3995 1896 4047 aut
1926 3986 1987 4048 in
2018 4004 2222 4046 rerum
2253 3992 2471 4044 natura
2502 4002 2614 4065 per

433 4111 500 4153 se
529 4094 823 4170 vertitur3
869 4093 923 4157 si
953 4092 1439 4176 impedimentum
1471 4112 1549 4154 ex
1582 4093 1707 4175 ipsa
1741 4090 2023 4154 locatoris
2054 4110 2310 4173 persona
2342 4099 2609 4165 emanat,

431 4201 763 4262 mercedem
808 4221 919 4262 nec
963 4210 1164 4282 petere
1207 4219 1317 4261 uec
1362 4200 1630 4263 retinere
1676 4197 1885 4275 debet3
1936 4197 1988 4260 si
2037 4217 2118 4258 ex
2160 4216 2420 4279 persona
2464 4217 2613 4258 con-

572 4424 627 4488 1)
666 4424 701 4474 ι.
731 4441 776 4473 c.
805 4440 853 4489 ρ.
885 4424 1003 4475 139.
1033 4425 1121 4474 iet.
1150 4441 1200 4490 p.
1232 4426 1351 4481 127.
