2782 5052
1125 343 1727 410 *46-

347 544 620 598 natorum
649 533 1024 617 respicerent
1044 528 1126 618 ²),
1180 544 1240 596 et
1268 543 1609 597 contractus
1639 532 2045 597 innominatos
2076 532 2148 596 ad
2178 532 2538 618 analogiam

347 638 785 703 nominatorum
829 639 1143 725 dijudicari
1182 639 1395 704 solitos
1438 660 1596 704 esse.
1690 639 1884 718 Quare
1917 639 2068 702 nihil
2096 640 2325 719 obstat,
2376 663 2542 724 quo-

348 745 545 809 minus
592 767 693 811 eas
723 748 990 829 regulas,
1042 767 1188 829 quas
1221 746 1293 810 de
1325 746 1732 809 contractibus
1764 746 2085 809 nominatis
2115 747 2315 811 valere
2346 748 2539 811 intel-

351 853 635 934 leximus,
686 865 977 936 quatenus
1022 863 1271 916 naturae
1311 863 1489 935 atque
1530 852 1716 915 indoli
1748 863 2163 917 contractuum
2192 853 2538 919 innomina-

352 973 549 1026 torum
582 982 700 1024 nou
733 960 1075 1023 contrariae
1105 970 1267 1035 sunt,
1305 959 1378 1022 ad
1412 959 1518 1022 hos
1550 961 1905 1022 referamus.

525 1071 558 1153 §
604 1067 709 1131 39.
805 1065 1193 1129 Observanda
1239 1077 1439 1130 tamen
1483 1075 1580 1130 est
1619 1064 1940 1150 peculiaris
1985 1077 2392 1131 contractuum
2438 1068 2538 1131 in-

354 1174 791 1238 nominatorum
812 1174 992 1250 ratio,
1029 1183 1097 1235 ut
1127 1172 1479 1256 saepissime
1503 1174 1624 1258 jam
1657 1183 1824 1235 recte
1855 1194 1890 1235 a
1913 1174 2075 1257 juris
2098 1173 2537 1258 interpretibus

356 1291 449 1344 est
480 1281 790 1343 monitum.
880 1279 1018 1343 Non
1063 1290 1334 1341 nostrum
1383 1290 1497 1356 est,
1550 1279 1644 1343 hic
1673 1279 1998 1361 inquirere,
2050 1279 2262 1362 quibus
2292 1280 2353 1342 in
2386 1302 2538 1363 con-

355 1386 645 1450 tractibus
671 1383 1056 1449 innominatis
1078 1384 1182 1468 jus
1206 1385 1574 1468 poenitendi,
1603 1386 1757 1467 quod
1785 1385 2023 1464 dicitur,
2061 1386 2256 1448 locum
2278 1386 2532 1465 habeat,
2645 1416 2650 1417 ff

357 1513 859 1558 commemorasse
894 1493 1042 1555 satis
1073 1502 1189 1569 est,
1224 1488 1326 1553 ubi
1355 1490 1553 1554 locum
1584 1490 1816 1569 habeat,
1852 1491 1934 1554 ibi
1967 1502 2233 1555 nostram
2263 1492 2540 1575 regulam

358 1622 481 1664 non
511 1574 821 1676 adhiberi:
867 1597 1145 1681 quoniam
1177 1598 1253 1674 is,
1318 1597 1418 1679 qui
1450 1598 1771 1681 praestitit,
1836 1617 1918 1660 ex
1957 1618 2125 1662 mero
2170 1597 2415 1662 arbitrio
2464 1598 2541 1661 de

360 1714 670 1770 contractu
699 1706 983 1768 recedere
1016 1713 1234 1787 potest.
1316 1700 1404 1765 Ac
1438 1714 1750 1785 praeterea
1780 1725 1900 1767 nou
1933 1715 2026 1766 est
2056 1704 2541 1788 praetermitten-

361 1813 520 1892 dum,
556 1810 804 1897 perfecti
835 1820 1175 1874 contractus
1204 1818 1564 1872 momentum
1598 1831 1720 1872 nou
1751 1812 1811 1872 in
1845 1830 2146 1873 consensu
2177 1811 2545 1874 contraben-

362 1918 508 1983 tium
542 1917 737 1994 verti,
788 1916 895 1979 sed
926 1936 1176 1980 necesse
1207 1935 1370 1994 esse,
1420 1916 1671 1979 alterum
1706 1936 1739 1979 e
1770 1916 2257 1980 contrahentibus
2287 1938 2357 1979 re
2389 1937 2546 1980 vera

363 2023 761 2109 praestitisse,
810 2021 964 2105 quod
1010 2020 1377 2105 promiserit.
1470 2022 1676 2105 Itaque
1722 2023 1991 2106 quaestio
2039 2033 2248 2087 nostra
2288 2023 2352 2085 in
2397 2026 2545 2086 con-

366 2130 660 2195 tractibus
735 2128 1121 2191 innominatis
1189 2127 1276 2190 ita
1351 2129 1771 2214 comprehendi
1841 2130 2051 2207 debet,
2128 2129 2398 2214 possitne
2457 2129 2540 2206 is,

368 2238 469 2322 qui
518 2234 860 2320 obligationi
898 2237 1027 2320 jam
1068 2234 1459 2313 satisfecerit,
1522 2235 1715 2299 altero
1763 2246 2071 2320 praestare
2114 2235 2356 2299 omnino
2402 2256 2547 2318 pro-

366 2345 578 2422 hibito,
613 2343 765 2426 quod
796 2341 1048 2418 dederit,
1083 2341 1398 2424 repetere?
1444 2341 1520 2403 Et
1548 2342 1864 2424 responsio
1898 2343 2222 2406 secundum
2255 2363 2352 2420 ea,
2387 2362 2544 2423 quae

370 2451 528 2514 dicta
558 2457 723 2523 sunt,
769 2447 987 2510 haecce
1017 2446 1211 2509 danda
1240 2468 1377 2510 esse
1407 2447 1676 2511 videtur:
1728 2446 1790 2509 Si
1822 2449 1897 2525 is,
1934 2448 2032 2532 qui
2052 2448 2179 2534 jam
2212 2446 2539 2532 praestitit,

371 2561 616 2634 factum,
636 2574 875 2639 operaS,
898 2574 1068 2616 usum
1099 2553 1191 2616 rei
1221 2553 1540 2636 stipulatus
1571 2553 1685 2617 sibi
1715 2555 1817 2634 sit,
1839 2566 2113 2639 repetere
2145 2566 2362 2639 potest,
2387 2555 2550 2637 quod

373 2663 671 2747 praestitit
701 2660 783 2744 (si
815 2660 943 2723 fieri
973 2659 1031 2721 id
1063 2658 1305 2722 omnino
1336 2669 1570 2742 potest3
1620 2681 1758 2722 nam
1803 2660 1857 2723 si
1901 2662 2123 2724 factum
2169 2672 2262 2724 est
2291 2661 2547 2744 praesti-

377 2779 523 2846 tum,
559 2778 772 2830 natura
802 2766 892 2829 rei
923 2764 1116 2829 obstat
1145 2764 1555 2849 repetitioni);
1605 2777 1814 2829 contra
1843 2788 2014 2846 vero,
2050 2767 2127 2846 si,
2163 2768 2259 2850 qui
2289 2766 2548 2851 praesti-

377 2873 470 2951 tit,
528 2871 788 2955 speciem
819 2869 933 2932 sibi
963 2869 1276 2953 stipulatus
1308 2870 1411 2950 sit,
1461 2891 1613 2955 quae
1645 2883 1876 2956 postea,
1926 2884 2243 2956 antequam
2277 2884 2549 2957 praesta-

375 2989 502 3055 tur,
550 2975 805 3053 interiit,
852 2985 1130 3059 repetere
1175 2997 1295 3038 non
1337 2977 1503 3056 licet,
1550 2978 1685 3061 quia
1718 3000 1790 3043 eo
1819 2990 2146 3059 momento,
2196 3002 2310 3063 quo
2354 2981 2548 3043 altero

378 3092 717 3169 praestante
763 3090 1104 3144 contractus
1149 3084 1448 3165 perfectus
1493 3096 1608 3163 est,
1671 3107 1771 3149 res
1814 3086 2108 3170 promissa
2151 3086 2314 3168 quasi
2352 3087 2483 3170 jam
2516 3106 2550 3149 e

377 3190 552 3254 bonis
597 3186 881 3252 debitoris
926 3187 1294 3252 abscessisse
1335 3200 1399 3251 et
1441 3190 1514 3252 ad
1561 3191 1917 3254 creditorem
1949 3193 2254 3276 pertinere
2284 3192 2543 3270 videtur,

380 3317 451 3360 eo
483 3316 688 3372 sensu,
739 3293 838 3377 qui
869 3314 1048 3377 supra
1078 3305 1193 3372 est,
1240 3294 1342 3357 ubi
1374 3295 1446 3359 de
1478 3296 1738 3360 emtione
1767 3297 2116 3361 venditione
2147 3318 2346 3361 sermo
2391 3307 2545 3374 erat,

381 3402 849 3466 demonstratus.

548 3506 686 3570 Non
718 3505 1083 3589 propositum
1118 3506 1259 3569 mihi
1289 3517 1404 3585 est,
1451 3528 1657 3573 omnes
1700 3508 2035 3591 opinioneS,
2086 3529 2235 3592 quae
2267 3509 2338 3570 de
2371 3529 2552 3591 quae-

383 3601 580 3677 stione
624 3623 833 3675 nostra
870 3612 932 3675 in
981 3623 1322 3675 contractus
1353 3612 1761 3678 innominatus
1791 3614 1984 3678 relata
2013 3616 2350 3700 propositae
2381 3625 2548 3691 sunt,

385 3728 790 3805 pertractare3
827 3717 1108 3782 cohaeret
1138 3718 1294 3782 enim
1317 3719 1612 3804 judicium
1642 3720 1705 3783 in
1735 3720 1846 3783 hac
1876 3741 1943 3784 re
1975 3743 2109 3784 cum
2140 3742 2212 3786 ea
2243 3720 2549 3805 opinione,

385 3847 558 3908 quam
595 3822 751 3907 ,quis
810 3822 883 3886 de
941 3823 1215 3887 doctrina
1274 3836 1690 3889 contractuum
1746 3826 2255 3891 innominatorum
2311 3826 2553 3890 omnino

386 3932 588 3995 habet.
679 3930 900 3993 Earum
939 3928 1163 4015 legum,
1212 3952 1362 4014 quae
1394 3931 1489 3994 hic
1516 3932 1732 4015 respici
1762 3934 1979 4011 solent,
2032 3945 2152 3998 tam
2183 3934 2390 3997 variae
2421 3952 2551 4016 pro-

386 4037 614 4121 positae
642 4045 784 4100 sunt
810 4034 1360 4120 interpretationes,
1397 4047 1634 4120 tamque
1662 4038 1989 4120 ingeniosis
2016 4040 2088 4103 ab
2110 4051 2359 4122 utraque
2388 4048 2553 4122 parte

388 4142 755 4226 argumentis
800 4143 1065 4207 munitae
1110 4154 1272 4223 sunt,
1320 4155 1388 4207 ut
1431 4165 1588 4209 nova
1628 4143 2067 4229 interpretatio,
2117 4167 2334 4210 novum
2376 4164 2553 4230 argu-

529 4379 587 4445 2)
622 4380 691 4431 cf.
719 4381 844 4433 Sch
862 4383 1097 4471 illia-g,
1135 4383 1402 4449 Lehrb.s.
1431 4384 1679 4437 Instant.
1707 4384 1795 4437 111.
1823 4384 1851 4451 ξ
1877 4386 1978 4440 324
2003 4386 2055 4436 k.
