2782 5052
1224 412 1825 478 —36—
2732 399 2739 510 1

440 605 526 666 uti
559 614 752 666 emtor
783 601 1180 666 conditionem
1217 602 1463 666 dominii
1497 602 1881 665 nanciscatur
1906 603 2170 686 perfecta
2199 600 2483 676 emtione,
2529 600 2621 663 sic

443 709 811 774 venditorem
844 729 951 792 pro
981 708 1139 771 nudo
1172 709 1483 772 detentore
1514 709 1729 772 mercis
1762 707 1970 772 haberi
2003 718 2274 793 coeptum
2307 727 2465 770 esse.

609 818 642 899 ἕ
689 813 793 879 30.
884 813 1014 878 Nec
1059 814 1256 878 minus
1299 825 1570 898 apertum
1617 825 1741 888 est,
1786 816 1941 896 quod
1986 815 2271 898 Ulpianus
2315 813 2376 876 in
2422 813 2463 874 l.
2502 811 2612 876 13.

435 923 490 1005 ἓ.
535 921 633 985 18.
670 921 743 984 D.
782 923 852 983 de
897 933 1012 984 act.
1055 921 1196 983 emti
1242 923 1417 984 vend.
1469 919 1605 1001 (19,
1646 919 1711 993 1)
1758 920 1933 982 dic-it:
2004 919 2282 1002 „Siquid
2315 939 2492 982 servo
2526 919 2615 980 di-

435 1038 661 1090 stracto
694 1027 973 1091 venditor
1003 1028 1257 1092 donavit
1290 1038 1427 1089 ante
1475 1026 1877 1104 traditionem,
1924 1027 2036 1089 hoc
2092 1045 2323 1109 quoque
2370 1025 2608 1088 restitui

437 1133 667 1196 debet“
706 1133 838 1196 scil.
876 1134 1088 1195 emtori
1124 1134 1375 1217 pretium
1412 1133 1694 1196 solventi.
1755 1132 1919 1195 Juris
1951 1132 2307 1195 auctoritate
2341 1132 2605 1214 quamvis

434 1240 750 1302 manifesto
798 1241 1165 1314 declaretur,
1227 1240 1526 1302 dominum
1588 1259 1767 1302 servo
1809 1260 1920 1302 suo
1965 1238 2196 1301 donare
2239 1259 2361 1300 non
2403 1258 2599 1320 posse,

435 1347 648 1430 quippe
695 1347 793 1428 qui
838 1347 1077 1431 proprio
1111 1348 1251 1430 jure
1296 1357 1356 1410 et
1404 1345 1597 1429 capite
1640 1357 1866 1420 careat,
1917 1355 2112 1407 tamen
2145 1343 2431 1427 Ulpianus
2478 1363 2601 1405 eam

434 1452 815 1515 donationem
849 1455 1054 1518 valere
1086 1453 1318 1530 statuit,
1375 1470 1525 1533 quae
1558 1472 1592 1513 a
1623 1452 1934 1514 venditore
1966 1453 2234 1534 perfecta
2265 1450 2601 1514 venditione

434 1569 788 1641 peragatur3
826 1562 1086 1643 perfecta
1123 1557 1278 1621 enim
1292 1556 1649 1620 venditione
1683 1594 1764 1603 —-
1797 1557 1907 1619 hoc
1940 1556 2388 1638 intelligendum
2419 1567 2598 1620 est—

433 1665 735 1743 venditor,
784 1687 1134 1748 quamquam
1181 1666 1504 1728 secundum
1552 1664 1802 1726 formam
1838 1664 1999 1748 juris
2057 1663 2331 1726 dominus
2381 1674 2593 1737 manet,

441 1772 632 1854 quoad
665 1771 971 1834 materiam
995 1771 1156 1856 juris
1189 1781 1248 1833 et
1280 1770 1555 1833 effectum
1588 1771 1782 1834 nudus
1815 1772 2091 1834 detentor
2121 1790 2255 1832 esse
2302 1779 2366 1830 et
2397 1789 2597 1832 servus

431 1879 501 1939 ad
549 1878 704 1939 bona
753 1877 999 1939 emtoris
1031 1879 1155 1962 jam
1203 1876 1848 1960 pertinere'²videntur.
1900 1915 1983 1924 —
2031 1876 2241 1959 Neque
2289 1895 2399 1944 eae
2444 1875 2595 1957 leges

428 1982 823 2066 praetermitti
866 1995 1137 2066 possunt,
1185 1982 1399 2066 quibus
1444 1984 1820 2067 apertissime
1863 1983 2102 2061 dicitur,
2153 2002 2438 2055 causam,
2500 2002 2595 2042 cur
2737 2053 2738 2068 1

430 2089 755 2152 dominium
801 2092 948 2173 apud
995 2091 1366 2155 venditorem
1412 2102 1741 2166 remaneat,
1799 2091 1859 2152 in
1908 2089 2229 2153 securitate
2271 2086 2595 2150 venditoris
2737 2083 2738 2174 1

428 2196 682 2281 positam
717 2215 849 2259 esse
875 2207 1118 2280 propter
1147 2196 1398 2280 pretium
1435 2197 1695 2259 nondum
1739 2197 2021 2270 solutum,
2076 2196 2148 2259 de
2192 2216 2307 2277 qua
2353 2213 2421 2256 re
2464 2213 2595 2254 con·

430 2304 712 2366 ferendae
745 2313 886 2366 sunt
917 2302 958 2363 l.
1002 2297 1098 2364 13.
1134 2302 1167 2383 §
1199 2299 1261 2364 8.
1297 2302 1368 2363 D.
1409 2303 1480 2365 de
1511 2311 1629 2363 act.
1664 2303 1889 2365 venditi
1926 2301 2061 2385 (19,
2105 2301 2199 2384 1)=
2260 2299 2592 2374 „Venditor

432 2413 621 2495 quasi
651 2413 894 2494 pignus
941 2411 1212 2472 retinere
1243 2418 1440 2490 potest
1472 2428 1599 2469 eam
1635 2430 1785 2484 rem,
1822 2431 1994 2492 quam
2027 2407 2346 2471 vendidit“
2384 2390 2587 2488 (Uip),

429 2516 470 2578 l.
520 2516 627 2580 22.
673 2516 746 2580 D.
799 2517 870 2579 de
920 2514 1126 2579 hered.
1176 2536 1236 2578 v.
1285 2525 1404 2577 act.
1455 2515 1631 2579 ven'd.
1681 2513 1816 2599 (18,
1865 2514 1959 2596 4),
2006 2516 2050 2578 l.
2088 2514 2191 2578 31.
2240 2511 2371 2597 §8-
2422 2513 2490 2575 D.
2526 2510 2589 2573 de

428 2623 606 2685 aedil.
655 2623 748 2686 ed.
804 2623 939 2703 (21,
981 2622 1081 2702 1):
1159 2620 1506 2700 „Venditor
1560 2622 1828 2706 pignoris
1875 2622 2045 2697 loco,
2108 2621 2263 2703 quod
2304 2618 2584 2692 vendidit,

425 2730 668 2803 retinet,
704 2730 897 2811 quoad
930 2740 1120 2791 emtor
1151 2728 1534 2792 satisfaciat“
1583 2729 1932 2812 (Marcellus
1975 2727 2126 2813 apud
2172 2726 2362 2809 Ulp.)‚
2414 2726 2454 2789 l.
2494 2724 2584 2789 14.

427 2836 460 2917 §
496 2832 552 2895 1.
590 2835 663 2895 D.
701 2836 772 2897 de
805 2836 948 2904 furt.
984 2836 1117 2917 (47,
1153 2834 1258 2915 2):
1313 2834 1430 2910 „Si
1462 2836 1744 2921 (emtor),
1792 2848 2105 2919 antequam
2138 2834 2451 2918 pecuniam
2480 2832 2586 2894 sol-

424 2949 620 3017 veret,
656 2960 783 3002 rem
818 2939 1167 3023 (venditori)
1202 2940 1607 3005 subtraxeritz
1657 2943 1801 3006 furti
1834 2943 2069 3006 actione
2102 2940 2319 3014 teneri,
2357 2938 2586 3023 perinde

427 3068 497 3109 ac
529 3045 581 3109 si
613 3046 825 3129 pignus
857 3046 1304 3110 subtraxisset“
1337 3048 1556 3133 (Ulp.),
1609 3048 2096 3133 quemadmodum
2139 3046 2201 3109 in
2243 3047 2285 3108 l.
2326 3045 2431 3109 15.
2466 3044 2581 3128 52.

426 3152 499 3215 D.
551 3153 683 3215 eod.
734 3172 892 3228 eum,
941 3155 1092 3237 apud
1135 3172 1308 3235 quem
1355 3174 1459 3216 res
1504 3158 1871 3218 commodata
1917 3155 2019 3233 sit,
2065 3153 2117 3217 si
2162 3152 2234 3215 ob
2269 3153 2582 3236 impensas,

428 3279 573 3342 quas
618 3259 676 3320 in
719 3280 846 3321 rem
893 3261 1319 3323 commodatam
1367 3261 1611 3335 fecerit,
1669 3262 2067 3324 retentionem
2129 3262 2256 3345 ejus
2302 3258 2584 3331 habuerit,

428 3387 558 3429 cum
591 3365 718 3450 ipso
753 3366 1015 3441 domino,
1057 3366 1156 3449 qui
1191 3386 1320 3428 eam
1352 3366 1669 3449 subripiat,
1706 3368 1845 3430 furti
1879 3367 2175 3432 actionem
2209 3365 2429 3428 habere
2455 3363 2585 3426 dici-

428 3482 548 3545 tur,
592 3474 783 3554 „quia
828 3493 899 3535 eo
948 3494 1093 3536 casu
1134 3472 1306 3554 quasi
1350 3472 1620 3556 pignoris
1665 3473 1797 3535 loco
1845 3494 1915 3537 ea
1957 3494 2054 3537 res
2086 3472 2239 3533 11111ιι
2291 3470 2580 3553 (Paulus).

427 3577 617 3640 Etiam
652 3576 816 3640 hisce
848 3579 1119 3641 omnibus
1150 3579 1460 3662 responsis
1491 3579 1731 3642 tacitam
1766 3579 2104 3663 opinionem
2135 3579 2341 3640 inesse
2371 3577 2581 3660 liquet:

430 3706 556 3744 rem
592 3684 888 3744 venditam
917 3684 1301 3766 ι11111111111101111
1339 3686 1581 3746 enitaris·
1619 3686 1991 3747 rest-rendam
2014 3696 2075 3747 et
2098 3685 2395 3748 venditori
2425 3683 2583 3765 quasi

430 3792 644 3852 nudam
680 3792 1077 3850 detentimmm
1117 3812 1249 3850 csse
1286 3816 1411 3852 eum
1439 3796 1599 3874 jure,
1649 3814 1771 3852 rem
1805 3792 2073 3876 pignoris
2106 3792 2236 3853 loco
2272 3786 2581 3852 retinendi.

427 3938 512 3944 --
546 3896 862 3960 Latissimc
911 3918 1053 3958 vero
1101 3896 1315 3960 haecce
1365 3900 1563 3980 opinio
1599 3922 1627 3960 c
1673 3902 1709 3960 1.
1755 3900 1811 3961 3,
1849 3897 1921 3959 D.
1959 3897 2029 3959 de
2061 3895 2247 3980 peric.
2286 3906 2346 3957 et
2379 3916 2584 3959 comm.

430 4004 560 4084 (18,
598 4002 660 4080 G)
698 4014 874 4084 patet,
911 4004 977 4062 de
1013 4026 1123 4082 qua
1159 4008 1517 4064 conserenda
1565 4016 1653 4066 est
1697 4025 1873 4086 supra
1903 4005 1936 4086 ἓ
1966 4003 2070 4067 25.
2148 4000 2406 4063 Disertis
2441 3999 2585 4061 enim

430 4112 522 4172 hie
558 4112 756 4174 verbis
792 4110 1067 4168 venditor
1100 4130 1229 4170 cum
1265 4132 1333 4170 eo
1371 4122 1761 4192 cisiinparatur,
1806 4110 1905 4191 qui
1940 4108 2268 4172 custodiam
2310 4107 2404 4169 rei
2436 4127 2587 4169 com-

430 4218 700 4278 modatae
754 4228 1057 4296 praestare
1095 4218 1281 4290 debet,
1331 4220 1483 4280 unde
1535 4218 1711 4276 etiam
1749 4215 2030 4277 exactior
2074 4236 2107 4277 a
2137 4213 2455 4278 venditore
2487 4234 2582 4295 po-

428 4324 682 4385 stulatur
718 4324 1041 4405 diligentia,
1093 4347 1259 4403 quan]
1299 4347 1445 4405 quae
1479 4326 1535 4385 in
1571 4324 1757 4405 ipsius
1790 4321 1863 4384 ab
1897 4341 1968 4383 eo
2001 4321 2356 4383 adhibeatur
2384 4320 2580 4382 rebus·

432 4431 630 4507 itaqu-a
682 4447 776 4485 res
834 4431 1071 4489 vendita
1117 4431 1199 4489 ita
1246 4453 1275 4489 a
1325 4431 1635 4491 venditore
1681 4428 1925 4490 tractari
1958 4426 2154 4505 debet,
2204 4427 2372 4507 quasi
2408 4422 2585 4487 domi-

2662 4917 2670 4950 „A
2653 4833 2666 4911 ‘⁸⁹‘

44 4902 491 5015 1Α
