2782 5052
1040 394 1641 457 ——45—

232 581 561 666 prohibito,
614 580 775 643 nulla
806 581 994 664 ipsius
1029 581 1198 664 culpa
1230 581 1693 657 interveniente,
1744 582 1795 644 si
1827 582 2416 668 impedimentumab

229 689 425 771 ipsius
470 699 639 770 parte
686 690 1013 771 profectum
1057 687 1157 761 sit,
1209 688 1463 750 alterum
1494 686 1857 769 obligatione
1888 689 2134 756 liberari
2164 695 2416 779 ideoque

231 805 428 857 totum
463 794 845 877 obligationis
880 805 1117 857 mutuae
1149 813 1371 854 nexum
1404 792 1737 875 exstingui.
1830 795 1896 857 In
1943 796 2240 864 locatione
2272 824 2416 865 con-

232 902 520 964 ductione
567 923 741 983 quum
789 901 1116 984 praestatio
1162 900 1445 962 locatoris
1491 899 1554 960 in
1601 920 1672 962 eo
1722 902 2049 980 consistat,
2113 916 2180 969 ut
2238 907 2411 970 alteri

232 1018 503 1093 potestas
535 1008 625 1070 rei
656 1007 752 1069 vel
785 1006 983 1090 operis
1015 1007 1221 1069 utendi
1253 1026 1358 1088 per
1389 1017 1614 1068 certum
1646 1017 1872 1090 tempus
1900 1010 2020 1085 fiat,
2048 1010 2249 1092 itaque
2272 1034 2413 1075 con-

231 1124 467 1177 tractus
501 1112 744 1176 ineundi
777 1123 836 1174 et
866 1113 1142 1194 implendi
1178 1112 1416 1174 diversa
1449 1112 1570 1175 sint
1599 1122 1889 1196 tempora,
1925 1115 2147 1179 diversi
2171 1119 2411 1182 externi

229 1232 427 1297 actus,
478 1240 708 1283 merces
743 1241 860 1281 non
896 1219 1165 1296 debetur,
1213 1219 1261 1282 si
1294 1220 1421 1302 ipse
1453 1220 1683 1281 locator
1712 1218 2049 1301 impeditur,
2097 1224 2411 1305 quominus

231 1336 589 1410 potestatem
651 1325 813 1388 illam
878 1326 1224 1388 conductori
1285 1325 1507 1403 faciat3
1592 1326 1655 1386 in
1716 1325 1977 1388 emtione
2033 1320 2403 1408 renditione,

232 1433 511 1514 quoniam
561 1454 666 1516 pro
710 1434 840 1516 ejus
886 1442 1100 1495 natura
1149 1441 1490 1496 contractus
1534 1430 1778 1492 ineundi
1836 1442 1897 1493 et
1953 1432 2236 1516 implendi
2299 1458 2407 1520 pro

229 1548 401 1621 parte
433 1538 588 1600 idem
621 1549 712 1601 est
742 1550 972 1622 tempus
1003 1539 1274 1620 idemque
1309 1539 1548 1613 factum,
1600 1536 1849 1618 ideoque
1878 1536 1989 1599 vix
2020 1539 2149 1601 ficri
2182 1552 2402 1624 potest,

228 1654 298 1707 ut
345 1654 479 1726 post
522 1646 848 1727 perfectum
881 1655 1249 1708 contractum
1283 1644 1564 1727 implendi
1593 1643 2073 1726 impedimentum
2109 1648 2403 1712 exsistat:

231 1750 431 1813 dicere
475 1749 778 1827 debemus,
832 1750 1084 1834 pretium
1131 1751 1355 1827 deberi,
1408 1750 1644 1812 etiamsi
1689 1771 1865 1812 merx
1893 1750 2132 1815 vendita
2163 1765 2408 1837 propter

229 1855 715 1940 impedimentum
748 1857 1017 1920 naturale
1046 1856 1203 1918 tradi
1236 1855 1477 1918 omnino
1511 1877 1630 1917 non
1662 1855 1874 1938 possit,
1911 1878 2085 1938 quum
2120 1860 2406 1941 praestita

221 1963 350 2047 jam
383 1983 518 2025 esse
550 1963 823 2026 videatur
853 1964 1115 2047 perfecta
1147 1961 1431 2038 emtione,
1486 1961 1739 2043 ideoque
1770 1963 2253 2045 impedimentum
2284 1966 2402 2028 tale

227 2067 653 2150 praestationis
688 2069 1025 2132 efficiendae
1057 2067 1539 2151 impedimentum
1571 2087 1705 2129 esse
1738 2090 1857 2130 non
1888 2068 2183 2132 videatur.

401 2173 566 2251 Quae
613 2174 766 2237 ratio
812 2197 989 2258 quum
1036 2198 1155 2238 non
1201 2172 1518 2236 locationis
1562 2184 1623 2234 et
1665 2174 2027 2237 venditionis
2074 2176 2310 2260 propria
2342 2188 2403 2240 et

225 2278 545 2362 peculiaris
578 2280 691 2359 sit,
739 2282 842 2346 sed
877 2281 937 2342 in
969 2281 1238 2364 generali
1267 2291 1604 2343 mutuarum
1638 2280 2059 2363 obligationum
2094 2292 2310 2346 natura
2341 2293 2403 2346 et
2460 2286 2464 2291 ’

225 2385 613 2450 fundamento
661 2386 851 2469 posita
893 2407 1028 2449 esse
1073 2386 1378 2462 videatur,
1430 2385 1491 2447 in
1537 2385 1807 2447 omnibus
1829 2387 2117 2470 -ejusdem
2158 2390 2398 2470 generis

226 2491 635 2556 contractibus
667 2492 1038 2556 observanda
1070 2502 1183 2555 est.
1250 2489 1446 2571 Quare
1479 2492 1595 2554 dici
1628 2491 1823 2567 debet,
1857 2492 1920 2554 in
1952 2494 2223 2558 omnibus
2257 2515 2398 2558 con—

226 2598 543 2677 tractibus,
595 2599 693 2681 qui
739 2599 914 2663 alteri
958 2599 1330 2662 contrahenti
1379 2597 1799 2661 necessitatem
1845 2597 2173 2681 imponant,
2223 2595 2397 2663 alteri

223 2726 370 2767 usus
414 2705 502 2768 rei
546 2705 643 2769 vel
694 2725 1007 2788 operarum
1048 2714 1406 2788 potestatem
1439 2703 1719 2783 faciendi,
1766 2714 1941 2785 atque
1972 2704 2056 2766 ita
2086 2705 2156 2766 ad
2191 2724 2397 2769 exem-

224 2811 379 2894 plum
426 2810 743 2874 locationis
790 2811 1200 2876 conductionis
1232 2814 1604 2888 referantur,
1655 2810 1861 2871 eodem
1894 2809 2066 2871 modo
2098 2831 2226 2872 rem
2260 2832 2394 2874 sese

223 2917 469 2995 habere,
519 2938 634 2999 quo
666 2916 729 2978 in
761 2916 1056 2980 locatione
1086 2917 1515 2995 conductionc3
1566 2928 1777 2979 contra
1807 2937 1954 2980 vero
1986 2917 2048 2979 in
2080 2917 2395 2981 contracti-

222 3023 356 3102 bus,
407 3022 504 3105 qui
548 3024 621 3084 ad
668 3007 1006 3107 exemplum
1049 3024 1415 3087 venditionis
1458 3023 1797 3100 trahantur,
1849 3023 2018 3106 hujus
2050 3033 2393 3087 contractus

220 3131 516 3192 rationem
548 3150 683 3192 esse
715 3129 1170 3214 respiciendam.

390 3234 568 3298 Nulla
626 3235 743 3299 alia
802 3234 864 3297 in
925 3234 1329 3298 contractibus
1389 3235 1777 3298 innominatis
1837 3235 2210 3299 observanda
2254 3256 2390 3299 esse

220 3339 429 3425 regula
458 3340 602 3403 mihi
631 3341 893 3403 videtur.
950 3330 1235 3417 'Quorum
1271 3339 1621 3403 notissimae
1652 3350 1793 3403 sunt
1822 3349 2075 3422 quatuor
2103 3340 2239 3403 illae
2271 3343 2390 3404 for·

219 3448 414 3509 mulae
447 3467 528 3509 cx
560 3447 731 3509 dandi
767 3446 1134 3527 faciendique
1165 3445 1365 3508 verbis
1399 3445 1781 3528 compositae.
1833 3446 1900 3506 ln
1933 3445 2388 3528 obligationibus

219 3552 397 3614 dandi
445 3552 526 3634 (si
558 3551 788 3636 species
821 3550 1175 3634 praestanda
1207 3554 1327 3630 est)
1361 3551 1432 3612 ad
1468 3551 1744 3620 emtionis
1777 3550 2137 3614 venditionis
2170 3551 2382 3630 instar,

217 3658 279 3721 in
325 3657 783 3741 obligationibus
829 3656 1078 3720 faciendi
1124 3657 1196 3719 ad
1245 3655 1561 3719 locationis
1606 3655 2020 3720 conductionis
2053 3658 2385 3741 exemplum

208 3764 591 3849 judicandum
651 3765 787 3828 erit.
879 3763 1163 3842 Quamvis
1208 3783 1415 3825 eorum
1459 3765 1784 3842 sententia,
1848 3763 1948 3845 qui
1992 3764 2234 3827 nonnisi
2281 3785 2385 3828 eos

216 3870 551 3954 probandos
584 3891 719 3934 csse
752 3881 1090 3934 contractus
1120 3870 1548 3945 innominatos,
1598 3870 1698 3951 qui
1739 3869 1812 3932 ad
1854 3872 2103 3931 formam
2133 3869 2385 3954 alicujus

216 3995 249 4038 e
282 3976 689 4040 contractibus
723 3977 1043 4040 nominatis
1074 3976 1195 4039 ficti
1227 3977 1373 4049 sint,
1411 3975 1654 4037 omnino
1686 3985 1896 4059 putant
1928 3973 2016 4054 ¹),
2061 3995 2207 4038 vera
2240 3976 2385 4040 mihi

215 4104 336 4145 non
378 4083 656 4146 videatur
700 4103 870 4147 esse:
920 4094 1119 4146 tamen
1164 4081 1369 4165 negari
1413 4102 1533 4143 non
1578 4091 1796 4163 potest,
1835 4082 1960 4164 jam
2007 4081 2165 4144 inter
2208 4082 2382 4145 ICtos

214 4189 512 4251 Romanos
554 4190 763 4265 fuisse,
812 4190 908 4272 qui
957 4190 1211 4271 aliquam
1260 4186 1706 4250 similitudinem
1753 4197 2163 4250 contractuum
2196 4189 2384 4251 nomi-

356 4429 408 4491 1)
445 4428 643 4479 Erxle
663 4429 807 4492 ben,
847 4427 922 4479 De
948 4436 1108 4480 contr.
1140 4429 1326 4479 innom.
1354 4427 1523 4479 indole
1550 4443 1610 4478 ac
1635 4434 1850 4487 natura,
1879 4441 1930 4492 p.
1957 4427 2077 4482 208.
