2782 5052
262 1579 335 1657 ln
388 1572 918 1677 obligationibus
970 1570 1442 1656 bilateralibus
1496 1568 1584 1655 ad
1633 1568 1856 1650 utrum
1902 1549 2433 1652 contrahentium

500 1707 938 1811 obligationis
974 1705 1348 1812 perieulum
1383 1704 1743 1811 pertineat,
1780 1703 2197 1808 disquiritur.

1113 1979 1469 2043 saevio
1522 1981 1580 2042 1.

261 2131 623 2185 Quaestiouin
649 2133 970 2200 propositae
998 2131 1148 2176 ratio
1175 2130 1681 2174 circumscribitur
1707 2132 1767 2174 et
1793 2129 2071 2183 quomodo
2098 2129 2171 2174 ab
2197 2127 2337 2174 olii.
2356 2128 2439 2173 uit

940 2203 1204 2256 tractata,
1232 2202 1396 2247 brevi
1425 2203 1746 2255 exponitur.

435 2394 469 2476 5
518 2392 580 2455 1.
673 2392 1153 2454 conventionum
1195 2393 1508 2475 disciplina
1553 2393 1640 2456 ita
1681 2393 1754 2455 ad
1787 2413 1897 2455 nos
1928 2413 1963 2455 a
1991 2391 2273 2455 Romanis
2306 2410 2439 2474 per-

262 2490 454 2578 venit,
506 2509 571 2561 ut
617 2519 699 2561 ex
739 2497 1046 2561 indefinito
1085 2517 1292 2562 earum
1324 2499 1788 2561 conventionum
1820 2519 2089 2575 numero,
2140 2516 2441 2580 quaecun-

264 2627 377 2689 que
409 2606 752 2670 commercii
790 2604 1121 2669 rationibus
1154 2616 1214 2667 et
1245 2604 1716 2687 negotiationum
1746 2604 2251 2668 vicissitudinibus
2284 2604 2440 2666 desi-

265 2715 610 2778 derantibus
653 2712 982 2798 gignuntur
1023 2732 1092 2774 ae
1137 2722 1491 2794 procreatae
1534 2710 1915 2788 excoluntur,
1980 2705 2309 2793 perpaucae
2367 2710 2441 2773 ad

263 2821 589 2885 firmiorem
624 2822 872 2883 formam
905 2828 1383 2901 structuramque
1415 2817 1750 2902 politiorem
1797 2817 2164 2896 elaboratae,
2214 2815 2442 2879 techni-

266 2927 353 2991 cis
386 2928 701 2990 denotatae
733 2924 1068 2988 nominibus
1099 2945 1168 2986 ac
1199 2924 1556 3008 specialibus
1596 2925 1821 3008 regulis
1866 2924 2129 2987 munitae
2171 2932 2440 2988 exstent.¹

264 3032 521 3095 Proinde
567 3032 897 3115 ubicunque
943 3032 1015 3093 de
1058 3052 1129 3094 eo
1177 3031 1397 3113 agitur,
1448 3040 1515 3095 ut
1559 3032 2022 3096 conventionum
2066 3032 2337 3094 doctrina
2368 3030 2440 3091 ad

266 3149 430 3201 certa
462 3139 621 3223 juris
653 3139 1032 3201 fundamenta
1066 3147 1128 3199 et
1157 3157 1396 3200 normas
1428 3138 1746 3220 generales
1776 3139 2122 3213 reducatur,
2172 3148 2345 3220 atque
2376 3146 2445 3201 ut

264 3245 425 3307 inter
470 3245 740 3307 diversas
785 3243 1086 3324 velutique
1136 3242 1434 3324 dispersas
1483 3242 1723 3324 regulas
1770 3242 1976 3305 ultima
2020 3243 2119 3305 vel
2164 3263 2444 3327 suprema

267 3349 622 3413 decernendi
656 3347 940 3431 principia
973 3348 1385 3429 reperianturz
1436 3347 1629 3429 palam
1661 3356 1775 3423 est,
1813 3347 2178 3429 disquirendi
2207 3348 2441 3412 initium

266 3456 336 3519 ab
380 3456 498 3519 illis
543 3454 1006 3517 conventionum
1053 3452 1222 3533 quasi
1266 3451 1521 3534 fastigiis
1565 3473 1634 3514 ac
1680 3471 1867 3535 paene
1910 3452 2271 3535 principibus
2304 3475 2441 3518 esse

267 3561 640 3645 capiendum.
735 3559 894 3637 Quae
926 3579 1061 3620 eum
1089 3558 1173 3620 ita
1204 3556 1360 3635 sint,
1411 3557 1828 3621 commentatio
1858 3558 1941 3621 ita
1971 3561 2253 3641 procedat
2283 3581 2437 3637 mea,

268 3669 458 3752 primo
500 3677 565 3729 ut
605 3665 771 3748 ipsos
809 3664 969 3748 juris
1001 3662 1248 3726 Romani
1296 3664 1492 3726 fontes
1524 3665 1895 3748 perlustrans
1928 3665 2067 3748 quid
2098 3665 2160 3729 in
2191 3666 2443 3749 singulis

266 3774 346 3837 ibi
380 3769 878 3837 conventionibus
911 3769 983 3832 de
1014 3770 1360 3851 quaestione
1406 3770 1489 3834 sit
1530 3783 1739 3835 nostra
1785 3773 2062 3852 edietum,
2113 3772 2311 3836 animo
2353 3774 2446 3836 in-

270 3901 465 3963 genuo
497 3890 557 3941 et
587 3878 935 3959 incorrupto
967 3896 1353 3959 pernoscam3
1404 3879 1538 3941 dein
1583 3899 1752 3955 vero,
1803 3880 1960 3942 sitne
1990 3881 2275 3965 generale
2306 3880 2445 3944 inde

270 3985 661 4050 derivandum
692 3981 1068 4066 principium,
1119 3995 1178 4046 et
1210 3982 1379 4065 quale
1413 3983 1525 4047 hoc
1557 3985 1661 4061 sit,
1711 3987 2006 4062 definiam,
2043 4007 2113 4048 ac
2145 3998 2443 4070 postremo

271 4093 342 4154 de
373 4091 661 4175 principio
691 4091 791 4154 via
823 4111 893 4152 ae
924 4089 1159 4153 ratione
1190 4091 1517 4173 composito
1560 4091 1634 4153 ad
1680 4103 2023 4155 contractus
2057 4114 2183 4170 e08‚
2246 4115 2448 4176 „quo-

270 4219 402 4261 rum
427 4195 855 4280 appellationes
878 4194 1077 4258 nullae
1092 4197 1236 4279 jure
1258 4195 1424 4259 civili
1448 4197 1715 4280 proditae
1739 4205 1956 4274 sunt“‚
1987 4199 2444 4286 (innominatus)

273 4302 768 4366 accommodando
800 4321 988 4386 pauca
1021 4300 1204 4365 verba
1234 4301 1536 4387 adjiciam.
1612 4304 1769 4368 Ecce
1800 4305 1984 4369 totius
2017 4306 2446 4390 disquisitionis

276 4407 677 4471 adumbratam
712 4406 1063 4490 imaginem!
