2782 5052
951 365 1548 429 *29*

119 553 207 616 in
252 553 433 617 funus
479 552 702 616 mortui
733 551 897 615 servi
927 551 1260 636 impensum
1291 551 1406 631 sit,
1457 572 1537 615 ex
1565 553 1808 617 vendito
1840 558 2123 640 consequi
2154 582 2331 644 opor·

121 668 362 738 tere“,
397 681 650 743 quacum
685 661 1050 743 conjungere
1081 659 1221 722 licet
1249 659 1292 721 l.
1320 658 1423 722 16.
1461 658 1607 722 Cod.
1644 661 1716 723 de
1746 672 1864 724 act.
1900 662 2041 724 emti
2074 664 2324 747 (4,49),

122 766 184 828 l.
224 766 288 828 2.
344 768 377 849 5
419 764 517 828 16.
561 764 663 829 17.
713 766 786 828 D.
823 767 896 828 de
943 765 1147 828 hered.
1195 788 1258 830 v.
1312 776 1431 828 aet.
1467 766 1643 830 vend.
1676 765 1825 847 (18,
1861 765 1956 847 4).
2016 767 2144 833 Nec
2177 771 2328 836 levis

123 873 435 936 momenti
477 883 572 935 est
613 871 658 934 l.
706 868 811 934 30.
846 893 940 954 pr.
995 873 1070 934 D.
1121 871 1193 934 de
1239 882 1353 935 aet.
1402 871 1581 949 emti,
1630 894 1782 954 quae
1825 873 2033 951 docet,
2084 895 2323 954 servuS,

126 1000 323 1062 quem
358 980 429 1042 de
459 999 554 1041 me
585 1000 717 1042 cum
749 979 978 1061 peculio
1014 979 1266 1055 emeris,
1305 1000 1508 1060 quum,
1551 978 1892 1061 priusquam
1926 981 2030 1044 tibi
2064 986 2330 1048 tradere-

125 1098 266 1164 tur,
306 1089 527 1149 furtum
560 1085 704 1148 mihi
735 1084 985 1162 fecerit,
1031 1084 1172 1148 mihi
1206 1106 1332 1147 rem
1372 1087 1630 1149 oblatam
1662 1106 1781 1147 non
1812 1087 2007 1150 solum
2038 1110 2072 1151 a
2105 1101 2165 1153 te
2195 1093 2329 1154 vin-

130 1192 383 1255 dicandi
418 1194 555 1277 jus,
607 1193 713 1256 sed
758 1211 829 1255 ea
874 1201 1140 1273 peremta
1173 1191 1348 1254 etiam
1382 1191 1815 1255 condictionem
1849 1212 1920 1256 eo
1954 1197 2194 1258 nomine
2225 1199 2323 1261 ad·

129 1320 364 1363 versus
398 1311 456 1360 te
489 1319 662 1362 esse:
713 1299 870 1361 unde
901 1297 1279 1381 intelligitur,
1325 1307 1610 1360 emtorem
1645 1299 1823 1361 etiam
1857 1321 1924 1362 re
1956 1323 2074 1364 non
2107 1304 2326 1367 tradita

134 1405 551 1488 personaliter
594 1405 788 1469 teneri
820 1404 893 1466 de
924 1404 1152 1466 damnis
1174 1449 1191 1481 ,
1241 1423 1393 1484 quae
1425 1423 1506 1466 ex
1538 1424 1718 1467 causa
1749 1405 1839 1467 rei
1866 1407 2147 1471 venditae
2177 1431 2326 1473 ven-

137 1510 329 1574 ditori
363 1511 680 1575 exsistant.
2153 1526 2154 1531 ’

319 1620 353 1701 §
398 1617 503 1681 26.
597 1616 819 1696 Quibus
863 1615 1135 1679 omnibus
1181 1615 1415 1698 legibus
1461 1616 1841 1701 perlustratis
1875 1626 1935 1679 et
1965 1617 2320 1697 rationibuS,

138 1745 226 1786 ex
272 1724 488 1806 quibus
533 1725 835 1807 prosectae
878 1733 1059 1798 sunt,
1109 1723 1440 1785 accuratius
1473 1723 1963 1806 perponderatiS,
2013 1737 2225 1789 natura
2257 1712 2327 1790 ac

133 1830 240 1893 vis
279 1831 608 1915 perflatae
653 1829 934 1893 emtionis
982 1829 1157 1891 aliter
1194 1829 1581 1911 intelligenda
1636 1851 1770 1893 esse
1819 1831 2095 1910 videtur,
2147 1843 2326 1916 atque

137 1936 326 2000 solita
358 1937 547 1999 adhuc
592 1948 705 1999 est.
768 1934 1005 1998 Etenim
1038 1956 1390 2018 quamquam
1422 1936 1701 1999 venditor
1730 1957 1918 2020 usque
1950 1939 2022 2001 ad
2052 1941 2322 2004 traditio-

137 2064 286 2106 nem
331 2044 550 2106 mercis
597 2053 657 2106 et
701 2043 956 2106 solutum
1000 2042 1253 2126 pretium
1297 2030 1572 2107 dominus
1620 2044 1833 2106 mercis
1879 2045 1962 2126 (si
2001 2046 2321 2111 dominium

134 2151 232 2212 rei
298 2150 541 2212 omnino
600 2150 830 2231 habuit)
883 2160 1188 2229 remanet,
1237 2150 1583 2233 gravissimi
1633 2161 1830 2213 tamen
1872 2153 2157 2216 momenti
2203 2165 2319 2232 est,

139 2255 340 2338 qualis
373 2257 631 2320 conditio
681 2255 1010 2320 venditoris
1041 2256 1121 2321 sit
1150 2267 1428 2345 respectu
1458 2256 1546 2319 rei
1576 2257 1859 2319 venditae
1890 2257 2114 2321 habito.
2177 2260 2323 2322 Per-

137 2365 298 2426 fecta
330 2364 384 2426 is
415 2363 759 2427 venditione
792 2363 1012 2447 speciei
1045 2361 1274 2424 debitor
1304 2362 1522 2437 evadit,
1556 2363 1830 2425 dominus
1862 2363 2097 2445 quidem
2130 2368 2322 2446 quoad

127 2468 292 2554 juris
338 2471 588 2533 formam
633 2480 870 2547 manet,
920 2470 1023 2533 sed
1070 2467 1314 2531 interna
1354 2468 1521 2551 quasi
1556 2469 1843 2551 quaedam
1881 2470 2041 2555 juris
2072 2474 2320 2536 mutatio

141 2576 229 2639 ita
260 2571 562 2659 procedit,
614 2587 681 2640 ut
717 2578 908 2659 quoad
941 2575 1245 2638 materiam
1270 2575 1431 2659 juris
1464 2587 1655 2638 emtor
1684 2597 1941 2640 mercem
1964 2580 2090 2661 jam
2123 2579 2186 2641 in
2219 2580 2322 2643 bo-

139 2682 237 2745 nis
269 2684 395 2747 suis
432 2683 651 2746 habere
683 2683 1074 2767 intelligatur.
1137 2680 1292 2745 Nam
1325 2702 1506 2745 causa
1536 2677 1666 2756 rei,
1719 2702 1925 2747 omnes
1957 2684 2322 2748 vicissitudi-

141 2809 252 2853 nes
301 2790 390 2852 rei
435 2789 715 2854 venditae
759 2800 819 2851 et
864 2809 1016 2871 quae
1072 2789 1309 2851 interna
1355 2790 1486 2873 ejus
1529 2789 1588 2850 vi
1633 2801 2024 2870 procreantur
2065 2800 2126 2853 et
2169 2813 2321 2874 quae

141 2896 530 2960 extrinsecus
565 2897 637 2959 ad
669 2916 822 2976 eam,
858 2907 924 2959 ut
953 2917 1081 2959 rem
1113 2896 1520 2981 principalem,
1565 2896 1879 2975 accedunt,
1916 2898 2000 2959 ita
2029 2898 2101 2959 ad
2134 2909 2323 2961 emto-

136 3022 268 3065 rem
295 3049 313 3080 ,
363 3025 716 3086 quamquam
749 3024 869 3066 non
899 3002 1210 3066 traduntur
1239 3013 1379 3066 ante
1413 3002 1673 3066 solutum
1707 3004 1960 3088 pretium
1983 3051 2000 3081 ,
2049 3006 2321 3068 referun-

135 3119 267 3187 tur,
305 3109 473 3191 quasi
504 3131 638 3192 pars
670 3108 1008 3193 patrimonii
1040 3111 1168 3193 ejus
1190 3113 1317 3193 jam
1351 3108 1493 3170 sint.
1557 3109 1645 3171 Eo
1679 3111 1960 3191 temporis
1993 3123 2314 3189 momento,

136 3236 259 3297 quo
295 3216 558 3280 venditio
589 3217 930 3301 perficitur,
978 3213 1314 3278 venditoris
1347 3213 1607 3274 conditio
1642 3214 1813 3294 plane
1845 3223 2143 3289 mutatur,
2192 3236 2317 3278 rem

134 3322 193 3384 is
226 3343 262 3384 a
293 3322 464 3385 bonis
496 3323 622 3386 suis
653 3321 899 3403 reliquis
932 3318 1194 3381 secernit
1226 3326 1605 3406 paratamque
1638 3328 1937 3400 praestat,
1975 3328 2035 3379 ut
2069 3319 2224 3383 illico
2256 3321 2319 3382 in

133 3430 298 3490 bona
326 3429 574 3491 emtoris
606 3425 868 3488 transire
900 3423 1085 3507 possit
1111 3447 1128 3499 3
1179 3432 1373 3483 emtor
1401 3441 1550 3483 vero
1572 3423 1676 3506 jus
1709 3422 2090 3505 adipiscitur,
2126 3426 2318 3507 pretio

134 3534 340 3596 soluto
398 3534 501 3595 vel
553 3531 669 3594 rite
724 3530 922 3592 oblato
969 3547 1098 3590 rem
1139 3527 1442 3591 venditam
1485 3548 1552 3591 re
1600 3549 1746 3591 vera
1793 3529 2175 3613 acquirendi,
2224 3533 2322 3596 vel

138 3658 316 3701 mora
348 3658 382 3700 a
414 3636 728 3700 venditore
760 3637 916 3698 facta
946 3635 1009 3698 in
1041 3656 1175 3699 eum
1208 3656 1382 3699 omne
1412 3635 1499 3698 rei
1534 3635 1860 3719 periculum
1891 3638 2315 3701 transferendi.

138 3745 350 3827 Itaque
407 3753 709 3808 momento
763 3744 1064 3828 perfectae
1118 3742 1482 3806 venditionis
1529 3741 1710 3807 merx
1750 3743 1929 3807 desiit
1972 3764 2107 3808 esse
2152 3745 2320 3827 quasi

137 3853 284 3915 viva
315 3873 451 3934 pars
482 3851 773 3914 bonorum
803 3850 1173 3928 venditoris3
1225 3849 1450 3912 sterilis
1481 3862 1575 3914 est
1603 3853 1759 3914 facta
1795 3853 1927 3936 ejus
1959 3851 2314 3934 proprietaS‚

141 3958 314 4039 qnasi
346 3958 524 4021 inane
556 3979 625 4020 ac
654 3978 910 4022 vacuum
942 3978 1181 4041 corpus,
1222 3956 1436 4040 quippe
1468 3979 1598 4019 cum
1632 3956 1825 4019 omnis
1858 3977 2036 4020 causa
2067 3958 2154 4019 rei
2185 3958 2319 4020 vin-

108 4062 292 4130 .eulis
335 4063 500 4145 quasi
544 4064 829 4127 adstricta
858 4064 937 4126 sit
968 4075 1027 4126 et
1055 4062 1270 4125 emtori
1301 4062 1669 4145 acquisituro
1699 4072 2071 4126 reservetur.
2133 4062 2321 4127 Ante-

144 4189 312 4250 quam
344 4190 470 4232 rem
501 4170 803 4248 vendidit,
853 4171 985 4254 ejus
1020 4168 1421 4252 plenissimam
1455 4167 1657 4230 habuit
1686 4180 1747 4230 et
1776 4168 2143 4232 liberrimam
2172 4193 2321 4235 ven-

144 4274 302 4337 ditor
331 4286 681 4358 potestatem
704 4322 720 4352 ,
756 4277 1015 4360 perfecta
1045 4274 1385 4338 venditione
1417 4274 1626 4337 emtori
1657 4273 1971 4359 promittit,
2005 4295 2132 4338 rem
2164 4297 2230 4341 se
2261 4279 2318 4342 ei

145 4390 523 4445 servaturum
566 4402 760 4465 neque
805 4383 919 4445 alio
950 4381 1123 4445 modo
1155 4380 1227 4443 de
1258 4400 1328 4444 ea
1360 4379 1819 4465 dispositurum3
1869 4382 2105 4467 deponit
2135 4383 2320 4469 igitur
