2782 5052
932 371 1536 436 ——27—

128 563 556 628 stabiliendam
617 583 775 624 nunc
832 571 1097 623 transeo.
1170 559 1309 624 Non
1349 559 1512 623 illam
1556 559 1899 643 generalem
1940 560 2326 644 significatio-

130 692 276 734 nem
310 681 370 732 et
400 670 675 733 effectum
707 668 954 752 perfecti
986 678 1324 731 contractus
1354 666 1418 729 in
1451 666 1648 730 animo
1681 666 1893 744 habeo,
1942 667 2154 750 quibus
2186 688 2327 731 con-

130 778 451 841 trahentes
482 776 570 839 ita
602 775 981 859 obligantur,
1028 785 1094 837 ut
1122 774 1320 837 neutri
1352 774 1443 837 fas
1475 774 1593 852 sit,
1644 773 1717 837 ab
1749 773 2131 858 obligationis
2164 796 2329 838 nexu

134 905 250 947 suo
295 884 538 968 proprio
584 881 832 945 arbitrio
873 881 1196 958 recedere,
1248 880 1354 944 sed
1398 885 1686 966 majorem
1730 881 2210 965 peculiaremque
2239 881 2326 943 illi

133 991 305 1053 actui
336 990 538 1052 inesse
567 989 688 1052 vim
710 1034 727 1066 ,
762 988 1018 1070 probare
1049 987 1320 1051 studebo.
1382 986 1475 1050 Ad
1506 1010 1678 1069 quam
1711 987 2120 1070 probationem
2152 1007 2325 1071 prae-

135 1098 472 1179 parandam
516 1116 620 1158 eas
663 1095 829 1180 leges
872 1094 1405 1178 perlustrabimus,
1469 1114 1621 1176 quae
1669 1095 1740 1157 de
1781 1093 1846 1159 vi
1889 1105 2068 1177 atque
2115 1095 2329 1158 effectu

140 1205 451 1288 perfectae
479 1201 844 1266 venditionis
876 1212 1082 1284 agunt.

319 1310 352 1391 ἕ
403 1307 511 1370 23.
605 1307 671 1390 1)
717 1309 750 1390 ὅ
783 1307 942 1379 3.,Ι.
995 1308 1067 1371 de
1100 1318 1219 1370 emt
1252 1317 1311 1369 et
1339 1308 1520 1370 vend.
1558 1298 1660 1385 (3,
1686 1306 1799 1390 23)
1849 1318 1910 1369 et
1953 1307 1995 1369 l.
2030 1305 2094 1370 7.
2146 1306 2219 1369 D.
2258 1307 2331 1370 de

141 1415 338 1499 peric.
387 1413 477 1478 rei
521 1414 701 1477 vend.
756 1415 1004 1490 docent,
1053 1414 1105 1476 si
1166 1425 1301 1497 post
1360 1415 1681 1476 emtionem
1729 1415 1908 1476 fundo
1955 1413 2178 1496 aliquid
2221 1435 2330 1497 per

142 1520 511 1584 alluvionem
545 1521 891 1597 accesserit,
919 1520 991 1582 ad
1024 1520 1270 1584 emtoris
1302 1521 1360 1582 id
1396 1520 1767 1583 commodum
1792 1520 2115 1602 pertinere.
2166 1520 2239 1581 L.
2261 1505 2334 1582 4.

142 1629 178 1710 §
221 1627 278 1689 l.
329 1626 401 1689 D.
441 1626 513 1688 de
557 1648 727 1689 usur.
765 1637 825 1689 et
871 1627 1051 1689 fruct.
1093 1626 1245 1708 (22,
1284 1626 1388 1711 1)=
1440 1628 1492 1691 si
1539 1638 1675 1711 post
1721 1637 2086 1689 contractam
2120 1626 2330 1688 emtio-

143 1755 285 1796 nem
316 1742 519 1815 partus
552 1733 745 1796 editus
777 1734 856 1796 sit
876 1733 1135 1796 ‘ancillae
1167 1734 1481 1811 venditae,
1532 1754 1665 1798 eum
1710 1734 1830 1817 peti
1862 1752 2038 1816 posse
2070 1753 2177 1816 per
2206 1753 2330 1795 em-

145 1851 367 1903 torem.
429 1839 503 1902 L.
543 1837 645 1902 13.
682 1850 743 1901 et
775 1838 879 1902 16.
931 1838 1078 1902 Cod.
1116 1840 1189 1901 de
1220 1861 1346 1922 per.
1385 1850 1447 1903 et
1476 1861 1690 1902 comm.
1725 1840 1816 1902 rei
1849 1841 2026 1903 vend.
2062 1836 2324 1924 (4‚49)=

145 1957 288 2031 post
317 1947 642 2030 perfectum
676 1956 1047 2009 contractum
1078 1948 1309 2010 fructus
1328 1993 1345 2023 ,
1382 1947 1560 2009 etiam
1590 1947 1813 2024 foetuS,
1849 1945 2095 2008 emtoris
2124 1965 2331 2027 perso-

145 2075 289 2117 nam
334 2062 630 2137 spectare.
693 2053 769 2114 Et
814 2075 993 2134 quum
1039 2052 1242 2117 multis
1283 2053 1538 2116 fontium
1586 2053 1731 2116 locis
1776 2052 2071 2116 sancitum
2103 2051 2215 2128 sit,
2265 2061 2333 2113 ut

146 2171 289 2245 post
330 2159 653 2243 perfectam
701 2159 1020 2222 emtionem
1073 2180 1248 2222 omne
1292 2161 1665 2223 commodum
1714 2161 1928 2223 emtori
1970 2160 2184 2223 cedet-e
2230 2157 2332 2219 de-

145 2269 326 2343 beat,
378 2287 498 2329 non
547 2264 928 2328 dubitandum
962 2276 1086 2344 est,
1135 2267 1275 2348 quin
1307 2267 1484 2329 etiam
1520 2266 1835 2329 thesaurus
1866 2266 1930 2328 in
1961 2265 2142 2327 fundo
2175 2275 2331 2326 emto

147 2373 438 2437 inventus
484 2371 557 2434 ad
597 2381 883 2433 emtorem
931 2371 1264 2454 pertineat,
1320 2383 1614 2453 quatenus
1647 2371 1885 2434 domino
1918 2372 2007 2434 rei
2039 2369 2332 2455 principa-

146 2480 224 2544 lis
257 2478 525 2542 accedat.
549 2475 602 2560 ¹)
658 2477 936 2556 Accedit,
987 2473 1254 2561 quod,²)
1309 2478 1420 2557 „si
1466 2478 1604 2561 quid
1648 2498 1730 2542 ex
1773 2477 1971 2562 operis
2015 2497 2331 2541 servorum

146 2586 251 2667 vel
280 2587 544 2650 vecturis
567 2587 977 2670 jumentorum
1005 2585 1107 2649 vel
1137 2584 1376 2648 navium
1410 2584 1740 2667 quaesitum
1774 2596 1887 2663 est,
1921 2584 2133 2648 emtori
2164 2603 2334 2666 prae-

148 2691 432 2755 stabitur.
495 2693 573 2754 Et
619 2691 672 2755 si
713 2693 850 2774 quid
897 2692 1129 2778 peculio
1163 2711 1373 2756 eorum
1405 2691 1663 2754 accessit
1694 2695 1835 2774 (nec
1878 2701 2079 2753 tamen
2112 2689 2164 2751 si
2196 2690 2333 2771 quid

149 2821 237 2863 ex
266 2819 338 2862 re
366 2798 724 2881 venditoris)
747 2824 764 2877 3
790 2807 835 2838 “
886 2820 955 2861 ac
987 2810 1299 2883 praeterea
1342 2797 1459 2877 „Si
1492 2801 1629 2883 quid
1662 2821 1842 2863 servo
1873 2798 2155 2862 distracto
2186 2814 2335 2859 ven-

149 2906 317 2968 ditor
346 2907 586 2969 donavit
618 2917 756 2969 ante
785 2906 1200 2985 traditionem,
1237 2906 1349 2970 hoc
1381 2926 1615 2995 quoque
1644 2906 1881 2971 restitui
1913 2904 2123 2984 debet3
2159 2904 2335 2967 here-

149 3013 374 3075 ditates
433 3023 664 3095 quoque
722 3033 831 3097 per
889 3034 1133 3078 servum
1194 3015 1525 3100 acquisitae
1570 3024 1631 3079 et
1675 3015 1874 3099 legata
1917 3014 2157 3090 omnia3
2222 3032 2334 3074 nec

150 3117 671 3201 distinguendum,
720 3121 888 3204 cujus
932 3131 1208 3205 respectu
1253 3121 1370 3184 ista
1411 3122 1535 3185 sint
1575 3121 1813 3183 relicta.
1876 3121 2021 3183 Item
2068 3118 2223 3202 quod
2255 3139 2337 3181 ex

150 3223 358 3307 operis
403 3244 616 3290 servus
659 3228 959 3308 praestitit
988 3225 1324 3300 venditori,
1373 3226 1586 3287 emtori
1619 3226 2055 3288 restituendum
2088 3220 2335 3307 est“.³)

150 3330 246 3393 Ita
276 3331 339 3393 in
370 3331 411 3392 l.
450 3330 554 3394 38.
593 3336 623 3411 §
656 3330 719 3393 5.
757 3342 839 3394 et.
876 3331 918 3398 l.
954 3329 1058 3392 39.
1096 3332 1169 3392 D.
1208 3330 1279 3391 de
1310 3328 1516 3391 hered.
1552 3329 1740 3391 instit.
1776 3329 1913 3408 (28,
1949 3330 2016 3408 5)
2050 3330 2350 3412 scriptum-

151 3446 275 3514 est,
302 3437 675 3498 venditorem
710 3435 883 3497 etiam
918 3446 1056 3496 ante
1089 3434 1468 3496 traditionem
1499 3434 1724 3495 lucrum
1756 3437 1953 3497 facere
1986 3437 2113 3519 ejus
2146 3436 2333 3514 servi,

153 3562 331 3627 quem
365 3540 739 3616 vendiderit,
773 3545 895 3601 uon
927 3539 1143 3601 debere
1163 3587 1179 3618 ,
1215 3540 1335 3602 imo
1365 3541 1424 3603 id
1456 3542 1901 3624 praestandum,
1938 3544 2093 3624 quod
2125 3562 2339 3605 conse-

152 3649 257 3731 qui
289 3646 569 3710 venditor
600 3667 718 3707 non
756 3645 1069 3728 potuisset,
1119 3645 1196 3725 si,
1232 3648 1397 3733 prius
1429 3671 1603 3733 quam
1634 3649 1829 3713 adiret
1858 3669 2072 3712 servus
2104 3649 2340 3713 heredi-

155 3766 369 3833 tatem,
404 3754 458 3817 is
490 3753 744 3816 traditus
778 3764 961 3817 esset.

334 3861 367 3942 ξ
413 3858 519 3922 24.
610 3858 679 3937 2)
727 3858 951 3922 Contra
995 3882 1146 3924 vero
1195 3862 1416 3925 multae
1447 3862 1840 3924 inveniuntur
1869 3862 2073 3945 leges,
2125 3859 2337 3943 quibus

162 3966 364 4030 omnia
405 3986 592 4029 onera
633 3978 813 4049 atque
842 3963 1212 4030 incommoda
1242 3977 1377 4051 post
1408 3970 1725 4051 perfectam
1758 3968 2075 4030 emtionem
2110 3969 2181 4029 ad
2216 3987 2338 4028 em-

160 4084 353 4136 torem
399 4073 701 4156 pertinere
748 4072 967 4135 dictum
1001 4085 1114 4138 est.
1211 4074 1583 4157 Quapropter
1611 4074 1935 4156 periculum
1968 4073 2247 4137 interitus
2280 4086 2341 4137 et

304 4244 358 4307 1)
398 4242 465 4292 cf.
496 4242 736 4306 Gliick,
773 4242 1052 4294 Erla'uter.
1098 4242 1258 4295 XVII.
1301 4243 1505 4308 §1038.
1547 4260 1594 4310 p.
1631 4244 1748 4299 192.
1824 4243 2337 4314 Unterholzner,

164 4330 340 4380 Lehre
364 4344 413 4379 v.
443 4329 497 4380 d.
524 4329 875 4381 Schuldverlz.
918 4329 980 4380 ll.
1025 4329 1201 4393 §470.
1238 4346 1287 4395 p.
1315 4330 1438 4384 279.
1476 4358 1544 4366 —
1579 4330 1635 4396 2)
1677 4331 1713 4380 l.
1744 4331 1826 4382 13.
1867 4329 1895 4396 ξ
1924 4332 2007 4383 13.
2051 4331 2112 4382 D.
2144 4333 2205 4383 de
2232 4341 2333 4385 aet.

165 4415 286 4466 emti
314 4415 426 4480 (19,
459 4415 532 4479 1).
572 4443 637 4452 ·—
675 4416 730 4480 3)
757 4416 792 4465 Ι.
825 4415 906 4467 13.
937 4415 963 4479 §
995 4415 1075 4467 18.
1105 4414 1169 4467 D.
1199 4416 1312 4466 eod.
1342 4416 1412 4467 cf.
1441 4416 1592 4468 etiam
1618 4417 1656 4467 l.
1685 4417 1771 4469 31.
1801 4417 1828 4482 ξ
1858 4418 1905 4469 1.
1935 4417 1995 4469 D.
2028 4419 2141 4469 eod.
