<?xml version="1.0" encoding="UTF-8"?>
<!DOCTYPE html PUBLIC "-//W3C//DTD XHTML 1.0 Transitional//EN"
    "http://www.w3.org/TR/xhtml1/DTD/xhtml1-transitional.dtd">
<html xmlns="http://www.w3.org/1999/xhtml" xml:lang="en" lang="en">
 <head>
  <title>
</title>
<meta http-equiv="Content-Type" content="text/html;charset=utf-8" />
  <meta name='ocr-system' content='tesseract 3.04.00' />
  <meta name='ocr-capabilities' content='ocr_page ocr_carea ocr_par ocr_line ocrx_word'/>
</head>
<body>
  <div class='ocr_page' id='page_1' title='image "./inobligationibu00kuntgoog_0041.png"; bbox 0 0 2782 5052; ppageno 0'>
   <div class='ocr_carea' id='block_1_1' title="bbox 1017 276 1619 341">
    <p class='ocr_par' dir='ltr' id='par_1_1' title="bbox 1017 276 1619 341">
     <span class='ocr_line' id='line_1_1' title="bbox 1017 276 1619 341; baseline -0.003 -15"><span class='ocrx_word' id='word_1_1' title='bbox 1017 276 1619 341; x_wconf 64' lang='lat'><strong>-37-.-</strong></span> 
     </span>
    </p>
   </div>
   <div class='ocr_carea' id='block_1_2' title="bbox 208 463 2405 3957">
    <p class='ocr_par' dir='ltr' id='par_1_2' title="bbox 209 463 2405 2038">
     <span class='ocr_line' id='line_1_2' title="bbox 212 463 2405 549; baseline -0.001 -19"><span class='ocrx_word' id='word_1_2' title='bbox 212 468 387 532; x_wconf 90' lang='lat' dir='ltr'><strong>nium</strong></span> <span class='ocrx_word' id='word_1_3' title='bbox 415 465 490 529; x_wconf 91' lang='lat' dir='ltr'><strong>ad</strong></span> <span class='ocrx_word' id='word_1_4' title='bbox 522 476 811 530; x_wconf 88' lang='lat' dir='ltr'><strong>emtorem</strong></span> <span class='ocrx_word' id='word_1_5' title='bbox 832 466 962 549; x_wconf 86' lang='lat' dir='ltr'><strong>jam</strong></span> <span class='ocrx_word' id='word_1_6' title='bbox 996 465 1328 541; x_wconf 86' lang='lat' dir='ltr'><strong>transierit,</strong></span> <span class='ocrx_word' id='word_1_7' title='bbox 1365 486 1485 527; x_wconf 91' lang='lat' dir='ltr'><strong>non</strong></span> <span class='ocrx_word' id='word_1_8' title='bbox 1519 463 1779 527; x_wconf 88' lang='lat' dir='ltr'><strong>alienata</strong></span> <span class='ocrx_word' id='word_1_9' title='bbox 1810 465 2071 547; x_wconf 88' lang='lat' dir='ltr'><strong>quidem,</strong></span> <span class='ocrx_word' id='word_1_10' title='bbox 2119 466 2223 531; x_wconf 89' lang='lat' dir='ltr'><strong>sed</strong></span> <span class='ocrx_word' id='word_1_11' title='bbox 2275 476 2405 529; x_wconf 91' lang='lat' dir='ltr'><strong>tan-</strong></span> 
     </span>
     <span class='ocr_line' id='line_1_3' title="bbox 213 571 2403 657; baseline 0 -21"><span class='ocrx_word' id='word_1_12' title='bbox 213 596 396 657; x_wconf 88' lang='lat' dir='ltr'><strong>quam</strong></span> <span class='ocrx_word' id='word_1_13' title='bbox 442 572 665 649; x_wconf 90' lang='lat' dir='ltr'><strong>aliena,</strong></span> <span class='ocrx_word' id='word_1_14' title='bbox 716 593 838 634; x_wconf 92' lang='lat' dir='ltr'><strong>non</strong></span> <span class='ocrx_word' id='word_1_15' title='bbox 883 572 946 634; x_wconf 87' lang='lat' dir='ltr'><strong>in</strong></span> <span class='ocrx_word' id='word_1_16' title='bbox 990 572 1251 635; x_wconf 85' lang='lat' dir='ltr'><strong>dominio</strong></span> <span class='ocrx_word' id='word_1_17' title='bbox 1295 572 1532 654; x_wconf 88' lang='lat' dir='ltr'><strong>quidem</strong></span> <span class='ocrx_word' id='word_1_18' title='bbox 1576 571 1857 644; x_wconf 89' lang='lat' dir='ltr'><strong>emtoris,</strong></span> <span class='ocrx_word' id='word_1_19' title='bbox 1904 572 2009 635; x_wconf 91' lang='lat' dir='ltr'><strong>sed</strong></span> <span class='ocrx_word' id='word_1_20' title='bbox 2055 571 2228 636; x_wconf 88' lang='lat' dir='ltr'><strong>bonis</strong></span> <span class='ocrx_word' id='word_1_21' title='bbox 2272 574 2403 657; x_wconf 89' lang='lat' dir='ltr'><strong>ejus</strong></span> 
     </span>
     <span class='ocr_line' id='line_1_4' title="bbox 213 677 2399 761; baseline 0 -19"><span class='ocrx_word' id='word_1_22' title='bbox 213 680 521 743; x_wconf 89' lang='lat' dir='ltr'><strong>destinata</strong></span> <span class='ocrx_word' id='word_1_23' title='bbox 555 689 731 761; x_wconf 89' lang='lat' dir='ltr'><strong>atque</strong></span> <span class='ocrx_word' id='word_1_24' title='bbox 774 678 943 761; x_wconf 85' lang='lat' dir='ltr'>quasi</span> <span class='ocrx_word' id='word_1_25' title='bbox 987 678 1310 761; x_wconf 84' lang='lat' dir='ltr'><strong>adscripta.</strong></span> <span class='ocrx_word' id='word_1_26' title='bbox 1386 678 1463 739; x_wconf 91' lang='lat' dir='ltr'><strong>Et</strong></span> <span class='ocrx_word' id='word_1_27' title='bbox 1507 678 1567 740; x_wconf 89' lang='lat' dir='ltr'><strong>in</strong></span> <span class='ocrx_word' id='word_1_28' title='bbox 1610 697 1708 755; x_wconf 92' lang='lat' dir='ltr'><strong>eo,</strong></span> <span class='ocrx_word' id='word_1_29' title='bbox 1758 688 1823 739; x_wconf 98' lang='grc' dir='ltr'><strong>ιιι</strong></span> <span class='ocrx_word' id='word_1_30' title='bbox 1864 677 2061 740; x_wconf 90' lang='lat' dir='ltr'><strong>denuo</strong></span> <span class='ocrx_word' id='word_1_31' title='bbox 2107 690 2399 761; x_wconf 88' lang='lat' dir='ltr'><strong>repetam,</strong></span> 
     </span>
     <span class='ocr_line' id='line_1_5' title="bbox 210 783 2403 868; baseline -0.001 -19"><span class='ocrx_word' id='word_1_32' title='bbox 210 785 552 849; x_wconf 87' lang='lat' dir='ltr'><strong>venditoris</strong></span> <span class='ocrx_word' id='word_1_33' title='bbox 583 785 910 868; x_wconf 87' lang='lat' dir='ltr'><strong>praestatio</strong></span> <span class='ocrx_word' id='word_1_34' title='bbox 942 785 1236 858; x_wconf 81' lang='lat' dir='ltr'><strong>consistit,</strong></span> <span class='ocrx_word' id='word_1_35' title='bbox 1273 794 1339 847; x_wconf 91' lang='lat' dir='ltr'><strong>ut</strong></span> <span class='ocrx_word' id='word_1_36' title='bbox 1368 783 1430 846; x_wconf 91' lang='lat' dir='ltr'><strong>in</strong></span> <span class='ocrx_word' id='word_1_37' title='bbox 1455 783 1856 848; x_wconf 87' lang='lat' dir='ltr'><strong>conditionem</strong></span> <span class='ocrx_word' id='word_1_38' title='bbox 1888 785 2038 868; x_wconf 83' lang='lat' dir='ltr'><strong>ejuS,</strong></span> <span class='ocrx_word' id='word_1_39' title='bbox 2073 784 2169 866; x_wconf 89' lang='lat' dir='ltr'><strong>qui</strong></span> <span class='ocrx_word' id='word_1_40' title='bbox 2203 784 2403 846; x_wconf 90' lang='lat' dir='ltr'><strong>alieno</strong></span> 
     </span>
     <span class='ocr_line' id='line_1_6' title="bbox 211 889 2400 974; baseline -0.001 -19"><span class='ocrx_word' id='word_1_41' title='bbox 211 892 465 955; x_wconf 89' lang='lat' dir='ltr'><strong>nomine</strong></span> <span class='ocrx_word' id='word_1_42' title='bbox 509 891 795 966; x_wconf 88' lang='lat' dir='ltr'><strong>detineat,</strong></span> <span class='ocrx_word' id='word_1_43' title='bbox 842 890 1008 974; x_wconf 89' lang='lat' dir='ltr'><strong>quasi</strong></span> <span class='ocrx_word' id='word_1_44' title='bbox 1051 912 1116 953; x_wconf 89' lang='lat' dir='ltr'><strong>se</strong></span> <span class='ocrx_word' id='word_1_45' title='bbox 1164 890 1459 955; x_wconf 76' lang='lat' dir='ltr'><strong>demittat,</strong></span> <span class='ocrx_word' id='word_1_46' title='bbox 1512 901 1577 951; x_wconf 91' lang='lat' dir='ltr'><strong>ut</strong></span> <span class='ocrx_word' id='word_1_47' title='bbox 1618 889 1946 952; x_wconf 81' lang='lat' dir='ltr'><strong>custodiam</strong></span> <span class='ocrx_word' id='word_1_48' title='bbox 1980 889 2198 952; x_wconf 90' lang='lat' dir='ltr'><strong>mercis</strong></span> <span class='ocrx_word' id='word_1_49' title='bbox 2242 911 2400 953; x_wconf 89' lang='lat' dir='ltr'><strong>nunc</strong></span> 
     </span>
     <span class='ocr_line' id='line_1_7' title="bbox 211 995 2393 1081; baseline 0.001 -22"><span class='ocrx_word' id='word_1_50' title='bbox 211 997 388 1080; x_wconf 88' lang='lat' dir='ltr'>quasi</span> <span class='ocrx_word' id='word_1_51' title='bbox 428 997 554 1081; x_wconf 89' lang='lat' dir='ltr'><strong>jam</strong></span> <span class='ocrx_word' id='word_1_52' title='bbox 604 997 837 1060; x_wconf 87' lang='lat' dir='ltr'><strong>alienae</strong></span> <span class='ocrx_word' id='word_1_53' title='bbox 881 996 1171 1080; x_wconf 87' lang='lat' dir='ltr'><strong>suscipiat</strong></span> <span class='ocrx_word' id='word_1_54' title='bbox 1217 1015 1464 1078; x_wconf 89' lang='lat' dir='ltr'><strong>eamque</strong></span> <span class='ocrx_word' id='word_1_55' title='bbox 1509 996 1723 1058; x_wconf 89' lang='lat' dir='ltr'><strong>emtori</strong></span> <span class='ocrx_word' id='word_1_56' title='bbox 1772 996 1831 1058; x_wconf 90' lang='lat' dir='ltr'><strong>in</strong></span> <span class='ocrx_word' id='word_1_57' title='bbox 1875 1007 2107 1078; x_wconf 90' lang='lat' dir='ltr'><strong>promtu</strong></span> <span class='ocrx_word' id='word_1_58' title='bbox 2156 995 2393 1061; x_wconf 89' lang='lat' dir='ltr'><strong>habeat.</strong></span> 
     </span>
     <span class='ocr_line' id='line_1_8' title="bbox 209 1086 2397 1188; baseline 0 -21"><span class='ocrx_word' id='word_1_59' title='bbox 209 1104 351 1167; x_wconf 89' lang='lat' dir='ltr'><strong>Non</strong></span> <span class='ocrx_word' id='word_1_60' title='bbox 383 1101 625 1186; x_wconf 91' lang='lat' dir='ltr'><strong>singulo</strong></span> <span class='ocrx_word' id='word_1_61' title='bbox 659 1103 905 1187; x_wconf 90' lang='lat' dir='ltr'><strong>speciali</strong></span> <span class='ocrx_word' id='word_1_62' title='bbox 938 1105 1011 1167; x_wconf 91' lang='lat' dir='ltr'><strong>ad</strong></span> <span class='ocrx_word' id='word_1_63' title='bbox 1043 1103 1154 1165; x_wconf 93' lang='lat' dir='ltr'><strong>hoc</strong></span> <span class='ocrx_word' id='word_1_64' title='bbox 1188 1100 1562 1164; x_wconf 85' lang='lat' dir='ltr'><strong>efficiendum</strong></span> <span class='ocrx_word' id='word_1_65' title='bbox 1607 1113 1745 1165; x_wconf 91' lang='lat' dir='ltr'><strong>actu</strong></span> <span class='ocrx_word' id='word_1_66' title='bbox 1790 1102 2040 1184; x_wconf 85' lang='lat' dir='ltr'><strong>indiget,</strong></span> <span class='ocrx_word' id='word_1_67' title='bbox 2068 1086 2204 1188; x_wconf 37' lang='lat' dir='ltr'><strong>&#39;ipsi</strong></span> <span class='ocrx_word' id='word_1_68' title='bbox 2238 1105 2397 1168; x_wconf 90' lang='lat' dir='ltr'><strong>enim</strong></span> 
     </span>
     <span class='ocr_line' id='line_1_9' title="bbox 214 1206 2398 1295; baseline 0 -22"><span class='ocrx_word' id='word_1_69' title='bbox 214 1212 521 1293; x_wconf 82' lang='lat' dir='ltr'><strong>perfectae</strong></span> <span class='ocrx_word' id='word_1_70' title='bbox 554 1210 825 1284; x_wconf 89' lang='lat' dir='ltr'><strong>emtioni,</strong></span> <span class='ocrx_word' id='word_1_71' title='bbox 861 1231 968 1295; x_wconf 91' lang='lat' dir='ltr'><strong>pro</strong></span> <span class='ocrx_word' id='word_1_72' title='bbox 1001 1207 1288 1294; x_wconf 84' lang='lat' dir='ltr'><strong>peculiari</strong></span> <span class='ocrx_word' id='word_1_73' title='bbox 1321 1209 1452 1292; x_wconf 91' lang='lat' dir='ltr'><strong>ejus</strong></span> <span class='ocrx_word' id='word_1_74' title='bbox 1485 1206 1567 1284; x_wconf 86' lang='lat' dir='ltr'><strong>vi,</strong></span> <span class='ocrx_word' id='word_1_75' title='bbox 1627 1206 1722 1270; x_wconf 87' lang='lat' dir='ltr'><strong>hic</strong></span> <span class='ocrx_word' id='word_1_76' title='bbox 1756 1207 2003 1271; x_wconf 86' lang='lat' dir='ltr'><strong>effectus</strong></span> <span class='ocrx_word' id='word_1_77' title='bbox 2035 1209 2230 1289; x_wconf 72' lang='lat' dir='ltr'><strong>inest,</strong></span> <span class='ocrx_word' id='word_1_78' title='bbox 2280 1233 2398 1274; x_wconf 91' lang='lat' dir='ltr'><strong>non</strong></span> 
     </span>
     <span class='ocr_line' id='line_1_10' title="bbox 210 1313 2400 1399; baseline 0.001 -21"><span class='ocrx_word' id='word_1_79' title='bbox 210 1316 273 1378; x_wconf 93' lang='lat' dir='ltr'><strong>in</strong></span> <span class='ocrx_word' id='word_1_80' title='bbox 308 1327 627 1379; x_wconf 82' lang='lat' dir='ltr'><strong>externam</strong></span> <span class='ocrx_word' id='word_1_81' title='bbox 673 1337 874 1379; x_wconf 86' lang='lat' dir='ltr'><strong>rerum</strong></span> <span class='ocrx_word' id='word_1_82' title='bbox 908 1328 1177 1379; x_wconf 88' lang='lat' dir='ltr'><strong>naturam</strong></span> <span class='ocrx_word' id='word_1_83' title='bbox 1212 1313 1611 1399; x_wconf 89' lang='lat' dir='ltr'><strong>progreditur,</strong></span> <span class='ocrx_word' id='word_1_84' title='bbox 1648 1334 1831 1396; x_wconf 89' lang='lat' dir='ltr'><strong>quare</strong></span> <span class='ocrx_word' id='word_1_85' title='bbox 1863 1334 1963 1376; x_wconf 89' lang='lat' dir='ltr'><strong>res</strong></span> <span class='ocrx_word' id='word_1_86' title='bbox 1993 1314 2230 1399; x_wconf 89' lang='lat' dir='ltr'><strong>integra</strong></span> <span class='ocrx_word' id='word_1_87' title='bbox 2260 1329 2400 1381; x_wconf 89' lang='lat' dir='ltr'><strong>ante</strong></span> 
     </span>
     <span class='ocr_line' id='line_1_11' title="bbox 214 1420 2400 1502; baseline 0.001 -17"><span class='ocrx_word' id='word_1_88' title='bbox 214 1421 605 1485; x_wconf 87' lang='lat' dir='ltr'><strong>traditionem</strong></span> <span class='ocrx_word' id='word_1_89' title='bbox 654 1441 795 1484; x_wconf 89' lang='lat' dir='ltr'><strong>esse</strong></span> <span class='ocrx_word' id='word_1_90' title='bbox 840 1423 1097 1497; x_wconf 88' lang='lat' dir='ltr'><strong>videtur,</strong></span> <span class='ocrx_word' id='word_1_91' title='bbox 1149 1422 1254 1484; x_wconf 90' lang='lat' dir='ltr'><strong>sed</strong></span> <span class='ocrx_word' id='word_1_92' title='bbox 1301 1420 1688 1483; x_wconf 90' lang='lat' dir='ltr'><strong>nihilominus</strong></span> <span class='ocrx_word' id='word_1_93' title='bbox 1731 1420 1948 1502; x_wconf 91' lang='lat' dir='ltr'><strong>aliquid</strong></span> <span class='ocrx_word' id='word_1_94' title='bbox 1990 1435 2287 1502; x_wconf 78' lang='lat' dir='ltr'><strong>mutatur,</strong></span> <span class='ocrx_word' id='word_1_95' title='bbox 2340 1437 2400 1487; x_wconf 89' lang='lat' dir='ltr'><strong>et</strong></span> 
     </span>
     <span class='ocr_line' id='line_1_12' title="bbox 212 1526 2397 1610; baseline 0.001 -20"><span class='ocrx_word' id='word_1_96' title='bbox 212 1527 456 1602; x_wconf 80' lang='lat' dir='ltr'><strong>officiiS,</strong></span> <span class='ocrx_word' id='word_1_97' title='bbox 492 1549 643 1608; x_wconf 90' lang='lat' dir='ltr'><strong>quae</strong></span> <span class='ocrx_word' id='word_1_98' title='bbox 677 1529 1163 1602; x_wconf 89' lang='lat' dir='ltr'><strong>memoravimus,</strong></span> <span class='ocrx_word' id='word_1_99' title='bbox 1199 1526 1494 1610; x_wconf 82' lang='lat' dir='ltr'><strong>susceptis</strong></span> <span class='ocrx_word' id='word_1_100' title='bbox 1525 1526 1803 1589; x_wconf 86' lang='lat' dir='ltr'><strong>venditor</strong></span> <span class='ocrx_word' id='word_1_101' title='bbox 1821 1527 2170 1609; x_wconf 83' lang='lat' dir='ltr'><strong>obligationi</strong></span> <span class='ocrx_word' id='word_1_102' title='bbox 2187 1531 2397 1593; x_wconf 81' lang='lat' dir='ltr'><strong>eodem</strong></span> 
     </span>
     <span class='ocr_line' id='line_1_13' title="bbox 213 1633 2397 1718; baseline 0.001 -21"><span class='ocrx_word' id='word_1_103' title='bbox 213 1645 544 1707; x_wconf 89' lang='lat' dir='ltr'><strong>momento,</strong></span> <span class='ocrx_word' id='word_1_104' title='bbox 596 1642 710 1717; x_wconf 90' lang='lat' dir='ltr'><strong>quo</strong></span> <span class='ocrx_word' id='word_1_105' title='bbox 744 1656 875 1697; x_wconf 92' lang='lat' dir='ltr'><strong>eam</strong></span> <span class='ocrx_word' id='word_1_106' title='bbox 917 1635 1245 1708; x_wconf 81' lang='lat' dir='ltr'><strong>contraxit,</strong></span> <span class='ocrx_word' id='word_1_107' title='bbox 1292 1652 1399 1718; x_wconf 90' lang='lat' dir='ltr'><strong>pro</strong></span> <span class='ocrx_word' id='word_1_108' title='bbox 1445 1633 1636 1696; x_wconf 90' lang='lat' dir='ltr'><strong>altera</strong></span> <span class='ocrx_word' id='word_1_109' title='bbox 1680 1643 1847 1714; x_wconf 84' lang='lat' dir='ltr'><strong>parte</strong></span> <span class='ocrx_word' id='word_1_110' title='bbox 1893 1633 2110 1713; x_wconf 89' lang='lat' dir='ltr'><strong>(altera</strong></span> <span class='ocrx_word' id='word_1_111' title='bbox 2145 1635 2299 1697; x_wconf 90' lang='lat' dir='ltr'><strong>enim</strong></span> <span class='ocrx_word' id='word_1_112' title='bbox 2334 1637 2397 1700; x_wconf 92' lang='lat' dir='ltr'><strong>in</strong></span> 
     </span>
     <span class='ocr_line' id='line_1_14' title="bbox 215 1740 2393 1822; baseline 0.001 -19"><span class='ocrx_word' id='word_1_113' title='bbox 215 1762 287 1805; x_wconf 90' lang='lat' dir='ltr'><strong>eo</strong></span> <span class='ocrx_word' id='word_1_114' title='bbox 335 1741 638 1815; x_wconf 84' lang='lat' dir='ltr'><strong>consistit,</strong></span> <span class='ocrx_word' id='word_1_115' title='bbox 684 1752 751 1802; x_wconf 90' lang='lat' dir='ltr'><strong>ut</strong></span> <span class='ocrx_word' id='word_1_116' title='bbox 790 1761 917 1803; x_wconf 91' lang='lat' dir='ltr'><strong>rem</strong></span> <span class='ocrx_word' id='word_1_117' title='bbox 959 1741 1179 1804; x_wconf 89' lang='lat' dir='ltr'><strong>hahere</strong></span> <span class='ocrx_word' id='word_1_118' title='bbox 1226 1741 1442 1804; x_wconf 88' lang='lat' dir='ltr'><strong>emtori</strong></span> <span class='ocrx_word' id='word_1_119' title='bbox 1485 1740 1665 1803; x_wconf 87' lang='lat' dir='ltr'><strong>licere</strong></span> <span class='ocrx_word' id='word_1_120' title='bbox 1697 1743 1990 1822; x_wconf 82' lang='lat' dir='ltr'><strong>praestet)</strong></span> <span class='ocrx_word' id='word_1_121' title='bbox 2040 1741 2393 1805; x_wconf 83' lang='lat' dir='ltr'><strong>satisfacere</strong></span> 
     </span>
     <span class='ocr_line' id='line_1_15' title="bbox 212 1832 2394 1930; baseline -0.001 -18"><span class='ocrx_word' id='word_1_122' title='bbox 212 1849 481 1922; x_wconf 88' lang='lat' dir='ltr'><strong>videtur,</strong></span> <span class='ocrx_word' id='word_1_123' title='bbox 515 1847 691 1910; x_wconf 91' lang='lat' dir='ltr'><strong>sicuti</strong></span> <span class='ocrx_word' id='word_1_124' title='bbox 726 1847 904 1909; x_wconf 87' lang='lat' dir='ltr'><strong>etiam</strong></span> <span class='ocrx_word' id='word_1_125' title='bbox 953 1859 1297 1910; x_wconf 83' lang='lat' dir='ltr'><strong>contractus</strong></span> <span class='ocrx_word' id='word_1_126' title='bbox 1331 1845 1685 1908; x_wconf 88' lang='lat' dir='ltr'><strong>innominati</strong></span> <span class='ocrx_word' id='word_1_127' title='bbox 1718 1832 2124 1929; x_wconf 81' lang='lat' dir='ltr'><strong>praestatione</strong></span> <span class='ocrx_word' id='word_1_128' title='bbox 2166 1858 2227 1908; x_wconf 88' lang='lat' dir='ltr'><strong>ct</strong></span> <span class='ocrx_word' id='word_1_129' title='bbox 2260 1868 2394 1930; x_wconf 82' lang='lat' dir='ltr'><strong>per-</strong></span> 
     </span>
     <span class='ocr_line' id='line_1_16' title="bbox 210 1950 1807 2038; baseline -0.003 -20"><span class='ocrx_word' id='word_1_130' title='bbox 210 1955 309 2018; x_wconf 87' lang='lat' dir='ltr'><strong>fici</strong></span> <span class='ocrx_word' id='word_1_131' title='bbox 342 1966 404 2017; x_wconf 91' lang='lat' dir='ltr'><strong>et</strong></span> <span class='ocrx_word' id='word_1_132' title='bbox 433 1953 670 2036; x_wconf 87' lang='lat' dir='ltr'><strong>impleri</strong></span> <span class='ocrx_word' id='word_1_133' title='bbox 704 1960 764 2033; x_wconf 94' lang='lat' dir='ltr'><strong>(a</strong></span> <span class='ocrx_word' id='word_1_134' title='bbox 799 1964 967 2037; x_wconf 86' lang='lat' dir='ltr'><strong>parte</strong></span> <span class='ocrx_word' id='word_1_135' title='bbox 999 1953 1397 2038; x_wconf 82' lang='lat' dir='ltr'><strong>praestantis)</strong></span> <span class='ocrx_word' id='word_1_136' title='bbox 1431 1953 1732 2016; x_wconf 87' lang='lat' dir='ltr'><strong>videntur.</strong></span> <span class='ocrx_word' id='word_1_137' title='bbox 1753 1950 1807 2038; x_wconf 86' lang='lat'><strong>¹)</strong></span> 
     </span>
    </p>

    <p class='ocr_par' dir='ltr' id='par_1_3' title="bbox 208 2058 2396 3957">
     <span class='ocr_line' id='line_1_17' title="bbox 386 2058 2393 2145; baseline 0.001 -23"><span class='ocrx_word' id='word_1_138' title='bbox 386 2063 418 2145; x_wconf 79' lang='lat'>§</span> <span class='ocrx_word' id='word_1_139' title='bbox 466 2059 570 2122; x_wconf 87' lang='lat'><strong>31.</strong></span> <span class='ocrx_word' id='word_1_140' title='bbox 665 2059 817 2138; x_wconf 84' lang='lat' dir='ltr'><strong>Quia</strong></span> <span class='ocrx_word' id='word_1_141' title='bbox 861 2061 933 2122; x_wconf 94' lang='lat' dir='ltr'><strong>ad</strong></span> <span class='ocrx_word' id='word_1_142' title='bbox 977 2080 1107 2122; x_wconf 91' lang='lat' dir='ltr'><strong>eam</strong></span> <span class='ocrx_word' id='word_1_143' title='bbox 1152 2059 1512 2124; x_wconf 88' lang='lat' dir='ltr'><strong>sententiam</strong></span> <span class='ocrx_word' id='word_1_144' title='bbox 1543 2058 1947 2142; x_wconf 82' lang='lat' dir='ltr'><strong>pervenimuS,</strong></span> <span class='ocrx_word' id='word_1_145' title='bbox 1991 2072 2056 2123; x_wconf 90' lang='lat' dir='ltr'><strong>ut</strong></span> <span class='ocrx_word' id='word_1_146' title='bbox 2100 2073 2393 2145; x_wconf 80' lang='lat' dir='ltr'><strong>putemuS,</strong></span> 
     </span>
     <span class='ocr_line' id='line_1_18' title="bbox 211 2166 2396 2250; baseline 0 -19"><span class='ocrx_word' id='word_1_147' title='bbox 211 2188 340 2231; x_wconf 90' lang='lat' dir='ltr'><strong>rem</strong></span> <span class='ocrx_word' id='word_1_148' title='bbox 372 2168 672 2232; x_wconf 87' lang='lat' dir='ltr'><strong>venditam</strong></span> <span class='ocrx_word' id='word_1_149' title='bbox 719 2178 855 2230; x_wconf 90' lang='lat' dir='ltr'><strong>ante</strong></span> <span class='ocrx_word' id='word_1_150' title='bbox 901 2167 1300 2245; x_wconf 84' lang='lat' dir='ltr'><strong>traditionem,</strong></span> <span class='ocrx_word' id='word_1_151' title='bbox 1348 2168 1618 2250; x_wconf 87' lang='lat' dir='ltr'><strong>quamvis</strong></span> <span class='ocrx_word' id='word_1_152' title='bbox 1662 2166 1725 2228; x_wconf 90' lang='lat' dir='ltr'><strong>in</strong></span> <span class='ocrx_word' id='word_1_153' title='bbox 1773 2166 2033 2228; x_wconf 91' lang='lat' dir='ltr'><strong>dominio</strong></span> <span class='ocrx_word' id='word_1_154' title='bbox 2062 2169 2396 2232; x_wconf 84' lang='lat' dir='ltr'><strong>venditoris</strong></span> 
     </span>
     <span class='ocr_line' id='line_1_19' title="bbox 211 2273 2395 2360; baseline 0 -22"><span class='ocrx_word' id='word_1_155' title='bbox 211 2285 487 2350; x_wconf 91' lang='lat' dir='ltr'><strong>maneat,</strong></span> <span class='ocrx_word' id='word_1_156' title='bbox 535 2284 735 2336; x_wconf 90' lang='lat' dir='ltr'><strong>tamen</strong></span> <span class='ocrx_word' id='word_1_157' title='bbox 784 2273 855 2335; x_wconf 91' lang='lat' dir='ltr'><strong>ad</strong></span> <span class='ocrx_word' id='word_1_158' title='bbox 899 2285 1184 2336; x_wconf 88' lang='lat' dir='ltr'><strong>emtorem</strong></span> <span class='ocrx_word' id='word_1_159' title='bbox 1222 2275 1347 2359; x_wconf 90' lang='lat' dir='ltr'><strong>jam</strong></span> <span class='ocrx_word' id='word_1_160' title='bbox 1397 2273 1738 2357; x_wconf 86' lang='lat' dir='ltr'><strong>pertinere,</strong></span> <span class='ocrx_word' id='word_1_161' title='bbox 1790 2273 2042 2356; x_wconf 85' lang='lat' dir='ltr'><strong>ejusque</strong></span> <span class='ocrx_word' id='word_1_162' title='bbox 2073 2274 2245 2336; x_wconf 90' lang='lat' dir='ltr'><strong>bonis</strong></span> <span class='ocrx_word' id='word_1_163' title='bbox 2269 2277 2395 2360; x_wconf 88' lang='lat' dir='ltr'><strong>jam</strong></span> 
     </span>
     <span class='ocr_line' id='line_1_20' title="bbox 215 2377 2387 2465; baseline 0 -21"><span class='ocrx_word' id='word_1_164' title='bbox 215 2378 680 2463; x_wconf 86' lang='lat' dir='ltr'><strong>adnumerari,¹)</strong></span> <span class='ocrx_word' id='word_1_165' title='bbox 714 2380 849 2442; x_wconf 91' lang='lat' dir='ltr'><strong>talis</strong></span> <span class='ocrx_word' id='word_1_166' title='bbox 878 2401 1025 2444; x_wconf 88' lang='lat' dir='ltr'><strong>vero</strong></span> <span class='ocrx_word' id='word_1_167' title='bbox 1047 2381 1202 2465; x_wconf 90' lang='lat' dir='ltr'><strong>juris</strong></span> <span class='ocrx_word' id='word_1_168' title='bbox 1219 2381 1436 2464; x_wconf 87' lang='lat' dir='ltr'><strong>positio</strong></span> <span class='ocrx_word' id='word_1_169' title='bbox 1454 2380 1627 2442; x_wconf 91' lang='lat' dir='ltr'><strong>nimis</strong></span> <span class='ocrx_word' id='word_1_170' title='bbox 1646 2377 1879 2440; x_wconf 89' lang='lat' dir='ltr'><strong>subtilis</strong></span> <span class='ocrx_word' id='word_1_171' title='bbox 1910 2388 1966 2439; x_wconf 87' lang='lat' dir='ltr'><strong>et</strong></span> <span class='ocrx_word' id='word_1_172' title='bbox 1995 2399 2181 2461; x_wconf 90' lang='lat' dir='ltr'><strong>paene</strong></span> <span class='ocrx_word' id='word_1_173' title='bbox 2211 2382 2387 2444; x_wconf 84' lang='lat' dir='ltr'><strong>inex-</strong></span> 
     </span>
     <span class='ocr_line' id='line_1_21' title="bbox 211 2484 2392 2571; baseline 0 -20"><span class='ocrx_word' id='word_1_174' title='bbox 211 2486 502 2551; x_wconf 87' lang='lat' dir='ltr'><strong>tricabilis</strong></span> <span class='ocrx_word' id='word_1_175' title='bbox 544 2506 618 2549; x_wconf 90' lang='lat' dir='ltr'><strong>ne</strong></span> <span class='ocrx_word' id='word_1_176' title='bbox 662 2487 756 2550; x_wconf 89' lang='lat' dir='ltr'><strong>cui</strong></span> <span class='ocrx_word' id='word_1_177' title='bbox 800 2507 935 2551; x_wconf 87' lang='lat' dir='ltr'><strong>esse</strong></span> <span class='ocrx_word' id='word_1_178' title='bbox 978 2487 1288 2565; x_wconf 87' lang='lat' dir='ltr'><strong>videatur,</strong></span> <span class='ocrx_word' id='word_1_179' title='bbox 1339 2487 1410 2550; x_wconf 92' lang='lat' dir='ltr'><strong>ad</strong></span> <span class='ocrx_word' id='word_1_180' title='bbox 1444 2507 1569 2551; x_wconf 91' lang='lat' dir='ltr'><strong>rem</strong></span> <span class='ocrx_word' id='word_1_181' title='bbox 1610 2484 2028 2549; x_wconf 86' lang='lat' dir='ltr'><strong>illustrandam</strong></span> <span class='ocrx_word' id='word_1_182' title='bbox 2061 2487 2392 2571; x_wconf 83' lang='lat' dir='ltr'><strong>analogiam</strong></span> 
     </span>
     <span class='ocr_line' id='line_1_22' title="bbox 210 2592 2390 2679; baseline 0 -23"><span class='ocrx_word' id='word_1_183' title='bbox 210 2595 505 2676; x_wconf 89' lang='lat' dir='ltr'><strong>quandam</strong></span> <span class='ocrx_word' id='word_1_184' title='bbox 547 2596 812 2673; x_wconf 86' lang='lat' dir='ltr'><strong>afferam,</strong></span> <span class='ocrx_word' id='word_1_185' title='bbox 862 2616 1011 2677; x_wconf 89' lang='lat' dir='ltr'><strong>quae</strong></span> <span class='ocrx_word' id='word_1_186' title='bbox 1055 2606 1266 2679; x_wconf 89' lang='lat' dir='ltr'><strong>sponte</strong></span> <span class='ocrx_word' id='word_1_187' title='bbox 1298 2593 1499 2658; x_wconf 85' lang='lat' dir='ltr'><strong>offerri</strong></span> <span class='ocrx_word' id='word_1_188' title='bbox 1546 2594 1804 2657; x_wconf 87' lang='lat' dir='ltr'><strong>videtur.</strong></span> <span class='ocrx_word' id='word_1_189' title='bbox 1884 2592 2390 2671; x_wconf 85' lang='lat' dir='ltr'><strong>Quemadmodum</strong></span> 
     </span>
     <span class='ocr_line' id='line_1_23' title="bbox 209 2698 2387 2786; baseline 0.001 -25"><span class='ocrx_word' id='word_1_190' title='bbox 209 2700 270 2761; x_wconf 91' lang='lat' dir='ltr'><strong>in</strong></span> <span class='ocrx_word' id='word_1_191' title='bbox 304 2701 349 2762; x_wconf 93' lang='grc'><strong>1.</strong></span> <span class='ocrx_word' id='word_1_192' title='bbox 385 2698 492 2763; x_wconf 87' lang='grc'><strong>75.</strong></span> <span class='ocrx_word' id='word_1_193' title='bbox 531 2700 605 2762; x_wconf 91' lang='lat' dir='ltr'><strong>D.</strong></span> <span class='ocrx_word' id='word_1_194' title='bbox 643 2702 714 2764; x_wconf 87' lang='lat' dir='ltr'><strong>de</strong></span> <span class='ocrx_word' id='word_1_195' title='bbox 736 2702 876 2786; x_wconf 85' lang='lat' dir='ltr'><strong>jure</strong></span> <span class='ocrx_word' id='word_1_196' title='bbox 909 2703 1032 2769; x_wconf 76' lang='lat' dir='ltr'><strong>dot.</strong></span> <span class='ocrx_word' id='word_1_197' title='bbox 1068 2700 1204 2784; x_wconf 80' lang='lat'><strong>(23,</strong></span> <span class='ocrx_word' id='word_1_198' title='bbox 1242 2698 1310 2782; x_wconf 89' lang='lat'><strong>3)</strong></span> <span class='ocrx_word' id='word_1_199' title='bbox 1363 2700 1701 2779; x_wconf 88' lang='lat' dir='ltr'><strong>„Quamvis</strong></span> <span class='ocrx_word' id='word_1_200' title='bbox 1736 2701 1797 2762; x_wconf 91' lang='lat' dir='ltr'><strong>in</strong></span> <span class='ocrx_word' id='word_1_201' title='bbox 1842 2699 2015 2763; x_wconf 89' lang='lat' dir='ltr'><strong>bonis</strong></span> <span class='ocrx_word' id='word_1_202' title='bbox 2049 2700 2247 2763; x_wconf 86' lang='lat' dir='ltr'><strong>mariti</strong></span> <span class='ocrx_word' id='word_1_203' title='bbox 2281 2702 2387 2764; x_wconf 91' lang='lat' dir='ltr'><strong>dos</strong></span> 
     </span>
     <span class='ocr_line' id='line_1_24' title="bbox 211 2802 2392 2892; baseline -0.002 -23"><span class='ocrx_word' id='word_1_204' title='bbox 211 2806 314 2883; x_wconf 89' lang='lat' dir='ltr'><strong>sit,</strong></span> <span class='ocrx_word' id='word_1_205' title='bbox 370 2806 637 2871; x_wconf 88' lang='lat' dir='ltr'><strong>mulieris</strong></span> <span class='ocrx_word' id='word_1_206' title='bbox 669 2818 869 2870; x_wconf 88' lang='lat' dir='ltr'><strong>tamen</strong></span> <span class='ocrx_word' id='word_1_207' title='bbox 902 2814 1072 2886; x_wconf 85' lang='lat' dir='ltr'><strong>est,“</strong></span> <span class='ocrx_word' id='word_1_208' title='bbox 1110 2818 1172 2870; x_wconf 92' lang='lat' dir='ltr'><strong>et</strong></span> <span class='ocrx_word' id='word_1_209' title='bbox 1207 2808 1266 2870; x_wconf 88' lang='lat' dir='ltr'><strong>in</strong></span> <span class='ocrx_word' id='word_1_210' title='bbox 1302 2808 1342 2869; x_wconf 90' lang='lat' dir='ltr'><strong>l.</strong></span> <span class='ocrx_word' id='word_1_211' title='bbox 1380 2805 1484 2871; x_wconf 86' lang='lat'><strong>30.</strong></span> <span class='ocrx_word' id='word_1_212' title='bbox 1523 2808 1669 2871; x_wconf 90' lang='lat' dir='ltr'><strong>Cod.</strong></span> <span class='ocrx_word' id='word_1_213' title='bbox 1706 2808 1777 2870; x_wconf 88' lang='lat' dir='ltr'><strong>de</strong></span> <span class='ocrx_word' id='word_1_214' title='bbox 1813 2809 1954 2892; x_wconf 92' lang='lat' dir='ltr'><strong>jure</strong></span> <span class='ocrx_word' id='word_1_215' title='bbox 1986 2804 2108 2867; x_wconf 90' lang='lat' dir='ltr'><strong>dot.</strong></span> <span class='ocrx_word' id='word_1_216' title='bbox 2148 2802 2242 2886; x_wconf 89' lang='lat'><strong>(5,</strong></span> <span class='ocrx_word' id='word_1_217' title='bbox 2287 2804 2392 2887; x_wconf 73' lang='lat'><strong>12)</strong></span> 
     </span>
     <span class='ocr_line' id='line_1_25' title="bbox 213 2914 2393 2999; baseline 0 -24"><span class='ocrx_word' id='word_1_218' title='bbox 213 2914 347 2990; x_wconf 89' lang='lat' dir='ltr'><strong>„ad</strong></span> <span class='ocrx_word' id='word_1_219' title='bbox 377 2914 577 2977; x_wconf 86' lang='lat' dir='ltr'><strong>mariti</strong></span> <span class='ocrx_word' id='word_1_220' title='bbox 610 2915 1005 2978; x_wconf 87' lang='lat' dir='ltr'><strong>substantiam</strong></span> <span class='ocrx_word' id='word_1_221' title='bbox 1037 2915 1234 2978; x_wconf 89' lang='lat' dir='ltr'><strong>dotem</strong></span> <span class='ocrx_word' id='word_1_222' title='bbox 1265 2916 1616 2999; x_wconf 86' lang='lat' dir='ltr'><strong>pervenisse</strong></span> <span class='ocrx_word' id='word_1_223' title='bbox 1647 2914 1919 2991; x_wconf 87' lang='lat' dir='ltr'><strong>videri,“</strong></span> <span class='ocrx_word' id='word_1_224' title='bbox 1957 2915 2058 2977; x_wconf 91' lang='lat' dir='ltr'><strong>sed</strong></span> <span class='ocrx_word' id='word_1_225' title='bbox 2096 2924 2393 2991; x_wconf 90' lang='lat' dir='ltr'><strong>„natura-</strong></span> 
     </span>
     <span class='ocr_line' id='line_1_26' title="bbox 215 3019 2394 3107; baseline 0 -26"><span class='ocrx_word' id='word_1_226' title='bbox 215 3019 360 3082; x_wconf 92' lang='lat' dir='ltr'><strong>liter</strong></span> <span class='ocrx_word' id='word_1_227' title='bbox 390 3020 452 3082; x_wconf 91' lang='lat' dir='ltr'><strong>in</strong></span> <span class='ocrx_word' id='word_1_228' title='bbox 484 3023 697 3085; x_wconf 90' lang='lat' dir='ltr'><strong>uxoris</strong></span> <span class='ocrx_word' id='word_1_229' title='bbox 729 3021 989 3084; x_wconf 90' lang='lat' dir='ltr'><strong>dominio</strong></span> <span class='ocrx_word' id='word_1_230' title='bbox 1021 3029 1425 3104; x_wconf 86' lang='lat' dir='ltr'><strong>permanere“</strong></span> <span class='ocrx_word' id='word_1_231' title='bbox 1481 3023 1763 3107; x_wconf 86' lang='lat' dir='ltr'><strong>scriptum</strong></span> <span class='ocrx_word' id='word_1_232' title='bbox 1808 3021 2050 3104; x_wconf 84' lang='lat' dir='ltr'><strong>legitur,</strong></span> <span class='ocrx_word' id='word_1_233' title='bbox 2097 3020 2181 3083; x_wconf 90' lang='lat' dir='ltr'><strong>ita</strong></span> <span class='ocrx_word' id='word_1_234' title='bbox 2225 3021 2294 3082; x_wconf 93' lang='lat' dir='ltr'><strong>de</strong></span> <span class='ocrx_word' id='word_1_235' title='bbox 2326 3041 2394 3083; x_wconf 87' lang='lat' dir='ltr'><strong>re</strong></span> 
     </span>
     <span class='ocr_line' id='line_1_27' title="bbox 214 3125 2391 3211; baseline 0 -23"><span class='ocrx_word' id='word_1_236' title='bbox 214 3125 463 3189; x_wconf 88' lang='lat' dir='ltr'><strong>vendita</strong></span> <span class='ocrx_word' id='word_1_237' title='bbox 494 3127 607 3190; x_wconf 90' lang='lat' dir='ltr'><strong>dici</strong></span> <span class='ocrx_word' id='word_1_238' title='bbox 653 3138 883 3211; x_wconf 83' lang='lat' dir='ltr'><strong>potest:</strong></span> <span class='ocrx_word' id='word_1_239' title='bbox 934 3128 1000 3190; x_wconf 94' lang='lat' dir='ltr'><strong>In</strong></span> <span class='ocrx_word' id='word_1_240' title='bbox 1044 3129 1217 3191; x_wconf 90' lang='lat' dir='ltr'><strong>bonis</strong></span> <span class='ocrx_word' id='word_1_241' title='bbox 1262 3129 1591 3192; x_wconf 83' lang='lat' dir='ltr'><strong>venditoris</strong></span> <span class='ocrx_word' id='word_1_242' title='bbox 1637 3140 1727 3192; x_wconf 87' lang='lat' dir='ltr'><strong>est</strong></span> <span class='ocrx_word' id='word_1_243' title='bbox 1772 3139 1833 3192; x_wconf 91' lang='lat' dir='ltr'><strong>et</strong></span> <span class='ocrx_word' id='word_1_244' title='bbox 1877 3129 1948 3189; x_wconf 88' lang='lat' dir='ltr'><strong>ad</strong></span> <span class='ocrx_word' id='word_1_245' title='bbox 1996 3128 2391 3191; x_wconf 85' lang='lat' dir='ltr'><strong>substantiam</strong></span> 
     </span>
     <span class='ocr_line' id='line_1_28' title="bbox 208 3233 2390 3317; baseline 0.001 -23"><span class='ocrx_word' id='word_1_246' title='bbox 208 3233 341 3316; x_wconf 92' lang='lat' dir='ltr'><strong>ejus</strong></span> <span class='ocrx_word' id='word_1_247' title='bbox 389 3233 686 3315; x_wconf 88' lang='lat' dir='ltr'><strong>pertinet,</strong></span> <span class='ocrx_word' id='word_1_248' title='bbox 734 3244 932 3296; x_wconf 87' lang='lat' dir='ltr'><strong>tamen</strong></span> <span class='ocrx_word' id='word_1_249' title='bbox 977 3235 1218 3297; x_wconf 89' lang='lat' dir='ltr'><strong>emtoris</strong></span> <span class='ocrx_word' id='word_1_250' title='bbox 1270 3254 1406 3297; x_wconf 87' lang='lat' dir='ltr'><strong>esse</strong></span> <span class='ocrx_word' id='word_1_251' title='bbox 1451 3245 1511 3296; x_wconf 90' lang='lat' dir='ltr'><strong>et</strong></span> <span class='ocrx_word' id='word_1_252' title='bbox 1554 3235 1719 3317; x_wconf 87' lang='lat' dir='ltr'><strong>quasi</strong></span> <span class='ocrx_word' id='word_1_253' title='bbox 1767 3233 2119 3297; x_wconf 86' lang='lat' dir='ltr'><strong>naturaliter</strong></span> <span class='ocrx_word' id='word_1_254' title='bbox 2160 3233 2222 3295; x_wconf 93' lang='lat' dir='ltr'><strong>in</strong></span> <span class='ocrx_word' id='word_1_255' title='bbox 2256 3234 2390 3317; x_wconf 88' lang='lat' dir='ltr'><strong>ejus</strong></span> 
     </span>
     <span class='ocr_line' id='line_1_29' title="bbox 208 3338 2388 3425; baseline 0.001 -25"><span class='ocrx_word' id='word_1_256' title='bbox 208 3338 532 3402; x_wconf 87' lang='lat' dir='ltr'><strong>dominium</strong></span> <span class='ocrx_word' id='word_1_257' title='bbox 567 3342 913 3422; x_wconf 89' lang='lat' dir='ltr'><strong>pervenisse</strong></span> <span class='ocrx_word' id='word_1_258' title='bbox 940 3342 1199 3404; x_wconf 88' lang='lat' dir='ltr'><strong>videtur.</strong></span> <span class='ocrx_word' id='word_1_259' title='bbox 1275 3339 1362 3402; x_wconf 89' lang='lat' dir='ltr'><strong>Ac</strong></span> <span class='ocrx_word' id='word_1_260' title='bbox 1394 3361 1570 3423; x_wconf 90' lang='lat' dir='ltr'><strong>porro</strong></span> <span class='ocrx_word' id='word_1_261' title='bbox 1603 3360 1635 3401; x_wconf 90' lang='lat' dir='ltr'><strong>e</strong></span> <span class='ocrx_word' id='word_1_262' title='bbox 1658 3341 1799 3425; x_wconf 90' lang='lat' dir='ltr'><strong>jure</strong></span> <span class='ocrx_word' id='word_1_263' title='bbox 1832 3340 1984 3401; x_wconf 86' lang='lat' dir='ltr'><strong>dotis</strong></span> <span class='ocrx_word' id='word_1_264' title='bbox 2016 3341 2388 3402; x_wconf 87' lang='lat' dir='ltr'><strong>constituen-</strong></span> 
     </span>
     <span class='ocr_line' id='line_1_30' title="bbox 210 3444 2382 3530; baseline 0 -23"><span class='ocrx_word' id='word_1_265' title='bbox 210 3444 321 3507; x_wconf 90' lang='lat' dir='ltr'><strong>dae</strong></span> <span class='ocrx_word' id='word_1_266' title='bbox 354 3446 690 3530; x_wconf 87' lang='lat' dir='ltr'><strong>exemplum</strong></span> <span class='ocrx_word' id='word_1_267' title='bbox 723 3446 940 3510; x_wconf 88' lang='lat' dir='ltr'><strong>afferre</strong></span> <span class='ocrx_word' id='word_1_268' title='bbox 973 3447 1149 3512; x_wconf 85' lang='lat' dir='ltr'><strong>licet:</strong></span> <span class='ocrx_word' id='word_1_269' title='bbox 1201 3447 1686 3530; x_wconf 90' lang='lat' dir='ltr'><strong>quemadmodum</strong></span> <span class='ocrx_word' id='word_1_270' title='bbox 1721 3445 1876 3508; x_wconf 91' lang='lat' dir='ltr'><strong>enim</strong></span> <span class='ocrx_word' id='word_1_271' title='bbox 1922 3445 1985 3507; x_wconf 90' lang='lat' dir='ltr'><strong>in</strong></span> <span class='ocrx_word' id='word_1_272' title='bbox 2032 3447 2074 3507; x_wconf 91' lang='lat' dir='ltr'><strong>l.</strong></span> <span class='ocrx_word' id='word_1_273' title='bbox 2110 3445 2215 3509; x_wconf 83' lang='lat'><strong>64.</strong></span> <span class='ocrx_word' id='word_1_274' title='bbox 2254 3448 2286 3530; x_wconf 62' lang='grc' dir='ltr'><strong>ἓ</strong></span> <span class='ocrx_word' id='word_1_275' title='bbox 2318 3444 2382 3508; x_wconf 88' lang='grc'><strong>6.</strong></span> 
     </span>
     <span class='ocr_line' id='line_1_31' title="bbox 209 3549 2387 3637; baseline 0.001 -26"><span class='ocrx_word' id='word_1_276' title='bbox 209 3549 282 3612; x_wconf 89' lang='lat' dir='ltr'><strong>D.</strong></span> <span class='ocrx_word' id='word_1_277' title='bbox 319 3551 434 3614; x_wconf 90' lang='lat' dir='ltr'><strong>sol.</strong></span> <span class='ocrx_word' id='word_1_278' title='bbox 471 3562 644 3614; x_wconf 87' lang='lat' dir='ltr'><strong>matr.</strong></span> <span class='ocrx_word' id='word_1_279' title='bbox 683 3552 788 3616; x_wconf 91' lang='lat' dir='ltr'><strong>dos</strong></span> <span class='ocrx_word' id='word_1_280' title='bbox 820 3554 1150 3635; x_wconf 89' lang='lat' dir='ltr'><strong>quemadm.</strong></span> <span class='ocrx_word' id='word_1_281' title='bbox 1188 3564 1308 3637; x_wconf 91' lang='lat' dir='ltr'><strong>pet.</strong></span> <span class='ocrx_word' id='word_1_282' title='bbox 1345 3552 1483 3634; x_wconf 81' lang='lat'><strong>(24,</strong></span> <span class='ocrx_word' id='word_1_283' title='bbox 1521 3552 1589 3635; x_wconf 87' lang='lat'><strong>3)</strong></span> <span class='ocrx_word' id='word_1_284' title='bbox 1636 3556 1809 3631; x_wconf 89' lang='lat' dir='ltr'><strong>„(sc.</strong></span> <span class='ocrx_word' id='word_1_285' title='bbox 1850 3553 2046 3616; x_wconf 81' lang='lat' dir='ltr'><strong>dotem</strong></span> <span class='ocrx_word' id='word_1_286' title='bbox 2091 3554 2161 3616; x_wconf 92' lang='lat' dir='ltr'><strong>ad</strong></span> <span class='ocrx_word' id='word_1_287' title='bbox 2212 3554 2387 3616; x_wconf 87' lang='lat' dir='ltr'><strong>mari-</strong></span> 
     </span>
     <span class='ocr_line' id='line_1_32' title="bbox 212 3657 2382 3744; baseline 0.002 -26"><span class='ocrx_word' id='word_1_288' title='bbox 212 3658 361 3737; x_wconf 90' lang='lat' dir='ltr'><strong>tum)</strong></span> <span class='ocrx_word' id='word_1_289' title='bbox 394 3658 746 3741; x_wconf 89' lang='lat' dir='ltr'><strong>pervenisse</strong></span> <span class='ocrx_word' id='word_1_290' title='bbox 778 3660 1121 3743; x_wconf 90' lang='lat' dir='ltr'><strong>accipimus,</strong></span> <span class='ocrx_word' id='word_1_291' title='bbox 1158 3657 1287 3723; x_wconf 87' lang='lat' dir='ltr'><strong>sive</strong></span> <span class='ocrx_word' id='word_1_292' title='bbox 1310 3661 1437 3744; x_wconf 85' lang='lat' dir='ltr'><strong>jam</strong></span> <span class='ocrx_word' id='word_1_293' title='bbox 1472 3660 1699 3744; x_wconf 83' lang='lat' dir='ltr'><strong>exegit,</strong></span> <span class='ocrx_word' id='word_1_294' title='bbox 1737 3660 1864 3723; x_wconf 85' lang='lat' dir='ltr'><strong>sive</strong></span> <span class='ocrx_word' id='word_1_295' title='bbox 1885 3660 2131 3742; x_wconf 84' lang='lat' dir='ltr'><strong>exigere</strong></span> <span class='ocrx_word' id='word_1_296' title='bbox 2164 3671 2382 3743; x_wconf 80' lang='lat' dir='ltr'><strong>potest,</strong></span> 
     </span>
     <span class='ocr_line' id='line_1_33' title="bbox 209 3763 2381 3849; baseline 0.001 -25"><span class='ocrx_word' id='word_1_297' title='bbox 209 3763 346 3844; x_wconf 89' lang='lat' dir='ltr'><strong>quia</strong></span> <span class='ocrx_word' id='word_1_298' title='bbox 393 3764 546 3826; x_wconf 88' lang='lat' dir='ltr'><strong>actio</strong></span> <span class='ocrx_word' id='word_1_299' title='bbox 593 3764 648 3827; x_wconf 91' lang='lat' dir='ltr'><strong>ei</strong></span> <span class='ocrx_word' id='word_1_300' title='bbox 696 3765 892 3827; x_wconf 90' lang='lat' dir='ltr'><strong>delata</strong></span> <span class='ocrx_word' id='word_1_301' title='bbox 938 3772 1112 3842; x_wconf 86' lang='lat' dir='ltr'><strong>est,“</strong></span> <span class='ocrx_word' id='word_1_302' title='bbox 1171 3776 1232 3827; x_wconf 87' lang='lat' dir='ltr'><strong>et</strong></span> <span class='ocrx_word' id='word_1_303' title='bbox 1272 3767 1335 3829; x_wconf 91' lang='lat' dir='ltr'><strong>in</strong></span> <span class='ocrx_word' id='word_1_304' title='bbox 1379 3767 1419 3829; x_wconf 91' lang='lat'><strong>1.</strong></span> <span class='ocrx_word' id='word_1_305' title='bbox 1458 3766 1629 3830; x_wconf 87' lang='lat' dir='ltr'><strong>9..D.</strong></span> <span class='ocrx_word' id='word_1_306' title='bbox 1669 3768 1741 3831; x_wconf 90' lang='lat' dir='ltr'><strong>de</strong></span> <span class='ocrx_word' id='word_1_307' title='bbox 1772 3767 1893 3829; x_wconf 91' lang='lat' dir='ltr'><strong>dot.</strong></span> <span class='ocrx_word' id='word_1_308' title='bbox 1931 3766 2066 3828; x_wconf 90' lang='lat' dir='ltr'><strong>coll.</strong></span> <span class='ocrx_word' id='word_1_309' title='bbox 2105 3764 2237 3849; x_wconf 80' lang='lat'><strong>(37,</strong></span> <span class='ocrx_word' id='word_1_310' title='bbox 2274 3765 2381 3848; x_wconf 88' lang='lat'><strong>7):</strong></span> 
     </span>
     <span class='ocr_line' id='line_1_34' title="bbox 212 3868 2386 3957; baseline 0.002 -27"><span class='ocrx_word' id='word_1_311' title='bbox 212 3868 563 3952; x_wconf 88' lang='lat' dir='ltr'><strong>„promissa</strong></span> <span class='ocrx_word' id='word_1_312' title='bbox 606 3875 671 3953; x_wconf 90' lang='lat' dir='ltr'><strong>(a</strong></span> <span class='ocrx_word' id='word_1_313' title='bbox 710 3881 876 3954; x_wconf 82' lang='lat' dir='ltr'><strong>patre</strong></span> <span class='ocrx_word' id='word_1_314' title='bbox 920 3871 1058 3957; x_wconf 91' lang='lat' dir='ltr'><strong>dos)</strong></span> <span class='ocrx_word' id='word_1_315' title='bbox 1105 3884 1197 3937; x_wconf 91' lang='lat' dir='ltr'><strong>est</strong></span> <span class='ocrx_word' id='word_1_316' title='bbox 1242 3873 1402 3937; x_wconf 84' lang='lat' dir='ltr'><strong>aeris</strong></span> <span class='ocrx_word' id='word_1_317' title='bbox 1446 3873 1627 3936; x_wconf 90' lang='lat' dir='ltr'><strong>alieni</strong></span> <span class='ocrx_word' id='word_1_318' title='bbox 1673 3874 1842 3952; x_wconf 69' lang='lat' dir='ltr'><strong>loco,</strong></span> <span class='ocrx_word' id='word_1_319' title='bbox 1894 3873 2185 3937; x_wconf 86' lang='lat' dir='ltr'><strong>abscessit</strong></span> <span class='ocrx_word' id='word_1_320' title='bbox 2229 3873 2386 3936; x_wconf 89' lang='lat' dir='ltr'><strong>enim</strong></span> 
     </span>
    </p>
   </div>
   <div class='ocr_carea' id='block_1_3' title="bbox 210 4076 626 4086">
    <p class='ocr_par' dir='ltr' id='par_1_4' title="bbox 210 4076 626 4086">
     <span class='ocr_line' id='line_1_35' title="bbox 210 4076 626 4086; baseline 0 966"><span class='ocrx_word' id='word_1_321' title='bbox 210 4076 626 4086; x_wconf 95' lang='lat' dir='ltr'><strong> </strong></span> 
     </span>
    </p>
   </div>
   <div class='ocr_carea' id='block_1_4' title="bbox 345 4211 2173 4376">
    <p class='ocr_par' dir='ltr' id='par_1_5' title="bbox 345 4211 2173 4376">
     <span class='ocr_line' id='line_1_36' title="bbox 345 4211 2173 4284; baseline 0.003 -23"><span class='ocrx_word' id='word_1_322' title='bbox 345 4212 397 4274; x_wconf 89' lang='lat'><strong>1)</strong></span> <span class='ocrx_word' id='word_1_323' title='bbox 437 4211 507 4262; x_wconf 87' lang='lat' dir='ltr'><strong>cf.</strong></span> <span class='ocrx_word' id='word_1_324' title='bbox 536 4211 776 4278; x_wconf 87' lang='lat' dir='ltr'><strong>Liebe‚</strong></span> <span class='ocrx_word' id='word_1_325' title='bbox 817 4216 1152 4281; x_wconf 76' lang='lat' dir='ltr'><strong>Zeilschr.s.</strong></span> <span class='ocrx_word' id='word_1_326' title='bbox 1186 4216 1384 4268; x_wconf 56' lang='lat' dir='ltr'><strong>Cim-13.</strong></span> <span class='ocrx_word' id='word_1_327' title='bbox 1416 4234 1468 4268; x_wconf 80' lang='lat' dir='ltr'><strong>u.</strong></span> <span class='ocrx_word' id='word_1_328' title='bbox 1501 4218 1653 4269; x_wconf 80' lang='lat' dir='ltr'><strong>Proc.</strong></span> <span class='ocrx_word' id='word_1_329' title='bbox 1688 4215 1801 4267; x_wconf 87' lang='lat' dir='ltr'><strong>XV.</strong></span> <span class='ocrx_word' id='word_1_330' title='bbox 1830 4234 1879 4284; x_wconf 88' lang='lat' dir='ltr'><strong>p.</strong></span> <span class='ocrx_word' id='word_1_331' title='bbox 1908 4217 2026 4268; x_wconf 76' lang='lat'><strong>218.</strong></span> <span class='ocrx_word' id='word_1_332' title='bbox 2055 4218 2173 4268; x_wconf 78' lang='lat'><strong>23¹2.</strong></span> 
     </span>
     <span class='ocr_line' id='line_1_37' title="bbox 347 4313 1069 4376; baseline 0.004 -12"><span class='ocrx_word' id='word_1_333' title='bbox 347 4315 395 4376; x_wconf 86' lang='lat' dir='ltr'><strong>l)</strong></span> <span class='ocrx_word' id='word_1_334' title='bbox 433 4313 503 4366; x_wconf 76' lang='lat' dir='ltr'><strong>cf.</strong></span> <span class='ocrx_word' id='word_1_335' title='bbox 533 4314 593 4367; x_wconf 93' lang='lat' dir='ltr'><strong>L.</strong></span> <span class='ocrx_word' id='word_1_336' title='bbox 630 4315 711 4367; x_wconf 77' lang='lat'><strong>49.</strong></span> <span class='ocrx_word' id='word_1_337' title='bbox 743 4316 804 4367; x_wconf 89' lang='lat' dir='ltr'><strong>D.</strong></span> <span class='ocrx_word' id='word_1_338' title='bbox 836 4316 895 4367; x_wconf 91' lang='lat' dir='ltr'><strong>de</strong></span> <span class='ocrx_word' id='word_1_339' title='bbox 922 4315 984 4367; x_wconf 94' lang='lat' dir='ltr'><strong>V.</strong></span> <span class='ocrx_word' id='word_1_340' title='bbox 1015 4316 1069 4368; x_wconf 88' lang='lat' dir='ltr'><strong>S.</strong></span> 
     </span>
    </p>
   </div>
  </div>
 </body>
</html>
