2782 5052
1212 320 1825 387 -30-—

446 510 845 595 promittendo
878 520 1230 593 potestatem
1263 511 1335 574 de
1366 531 1435 573 re
1458 512 1622 594 juste
1654 510 2035 594 disponendi,
2083 530 2182 574 eas
2212 531 2438 594 poenas
2475 511 2631 577 subi-

449 630 615 682 turus
637 665 654 695 ,
704 637 853 700 quae
898 618 1237 694 venditori,
1286 617 1384 700 qui
1417 617 1768 700 obligationi
1797 616 1861 679 in
1894 637 1960 679 se
1991 628 2269 701 receptae
2298 639 2420 681 non
2455 620 2635 683 satis-

451 724 626 803 facit,
662 725 985 787 minantur.
1051 724 1388 786 Dominium
1437 725 1671 806 quidem
1714 744 1835 785 non
1879 723 2041 787 illico
2072 724 2327 803 amittit,
2376 725 2634 807 ideoque

449 833 613 897 valet
642 851 713 894 ea
745 830 987 894 dominii
1022 830 1372 908 translatio,
1421 851 1535 912 qua
1566 850 1674 914 per
1704 851 1833 893 eum
1867 831 2082 893 tertius
2112 830 2322 913 aliquis
2356 831 2634 893 dominus

449 940 549 1017 fit3
614 938 844 1001 utiliter
884 938 1265 1000 manumittet
1305 958 1549 1001 servum
1584 938 1713 1021 jam
1759 937 2101 1016 venditum3
2146 937 2254 1001 sed
2299 938 2633 1020 „quoniam

452 1044 996 1109 contractusfidem
1032 1044 1244 1127 fregit,
1292 1064 1373 1106 ex
1405 1054 1562 1105 emto
1595 1044 1829 1106 actione
1863 1054 2227 1121 conventuS,
2273 1047 2506 1129 quanti
2532 1054 2635 1105 tua

452 1154 759 1234 (emtoris)
793 1155 1091 1225 interest,
1127 1160 1434 1233 praestare
1467 1158 1797 1233 cogetnr“,
1830 1152 2029 1233 itaque
2059 1151 2339 1213 venditor
2367 1150 2461 1212 rei
2493 1172 2632 1214 ven-

452 1261 608 1321 ditae
640 1258 885 1320 liberam
918 1267 1269 1341 potestatem
1302 1257 1593 1319 indirecto
1627 1257 1799 1319 modo
1831 1257 2068 1319 amittit.
2131 1253 2415 1334 Accedit,
2455 1257 2629 1338 quod,

458 1365 610 1447 „qui
655 1365 886 1427 duobus
931 1367 994 1427 in
1042 1364 1295 1427 solidum
1328 1364 1577 1426 eandem
1607 1384 1736 1427 rem
1767 1363 2023 1428 diversis
2054 1362 2462 1427 contractibus
2495 1384 2635 1425 ven·

456 1471 681 1547 didit“,
720 1490 910 1554 poena
941 1471 1072 1534 falsi
1105 1467 1519 1551 coercetur¹)‚
1554 1470 1636 1533 ita
1666 1480 1731 1533 ut
1760 1472 2039 1535 venditor
2068 1471 2200 1552 lege
2231 1470 2637 1551 minusquam-

454 1580 754 1661 perfecta,
803 1599 979 1660 quam
1021 1576 1305 1659 Ulpianus
1345 1587 1562 1654 vocat,
1610 1576 1925 1661 impeditus
1966 1577 2068 1639 sit.
2127 1576 2388 1638 Proinde
2431 1576 2638 1660 negari

458 1707 580 1749 non
612 1694 847 1768 potest,
882 1682 1197 1746 vendendo
1231 1683 1632 1747 conditionem
1666 1684 1886 1748 domini
1919 1684 2096 1764 longe
2127 1684 2391 1767 pejorem
2424 1693 2491 1747 et
2520 1703 2639 1744 ma-

458 1793 550 1875 gis
581 1790 918 1874 impeditam
950 1789 1116 1869 fieri3
1153 1811 1325 1871 quam
1348 1790 1412 1852 in
1440 1790 1835 1857 conditionem
1861 1790 2140 1853 venditor
2162 1799 2375 1872 sponte
2392 1788 2642 1852 descen-

459 1898 582 1974 dit,
629 1897 715 1959 ita
759 1897 926 1979 quasi
970 1897 1250 1982 negativo
1297 1897 1474 1960 modo
1505 1898 1964 1982 praestationem
1997 1898 2264 1980 perfecta
2292 1894 2642 1959 venditione

460 2023 785 2090 peragens,

633 2109 918 2190 Quamvis
950 2109 1274 2173 secundum
1307 2111 1557 2172 formam
1579 2111 1738 2195 juris
1767 2109 2045 2174 venditor
2073 2109 2343 2172 dominus
2375 2118 2643 2184 maneat,

462 2232 663 2283 tamen
693 2239 814 2280 non
844 2217 907 2280 in
939 2237 1111 2280 suum
1143 2218 1514 2280 commodum
1547 2217 1966 2305 proprietatem
1997 2216 2240 2292 retinet,
2282 2213 2564 2297 quamvis
2595 2213 2648 2276 ei

462 2328 552 2391 rei
584 2323 930 2401 vindicatio,
969 2325 1122 2387 actio
1154 2322 1320 2400 furti,
1349 2323 1646 2386 condictio
1678 2325 1900 2386 furtiva
1929 2334 2271 2396 serventur,
2291 2331 2506 2383 tamen
2534 2341 2648 2382 non

461 2455 570 2518 pro
617 2454 683 2496 se
732 2452 835 2495 eas
879 2430 1177 2507 instituit,
1220 2431 1323 2492 sed
1371 2430 1539 2512 quasi
1587 2429 1834 2495 emtoris
1880 2431 2119 2514 negotia
2164 2448 2417 2513 gerens3
2473 2437 2543 2489 et
2582 2426 2650 2489 ad

465 2542 621 2604 hunc
667 2561 736 2603 ea
777 2541 1158 2614 referuntur,
1204 2557 1353 2620 quae
1400 2539 1632 2619 agendo
1677 2540 2088 2624 impetrantur.
2151 2538 2333 2622 EjuS,
2384 2536 2651 2617 quirem

467 2649 663 2712 alieno
695 2647 935 2710 nomine
967 2647 1215 2723 detinet,
1241 2654 1356 2722 est,
1378 2644 1702 2707 custodiam
1736 2646 1974 2708 domino
2006 2654 2349 2728 praestare:
2389 2644 2477 2705 ita
2509 2663 2653 2705 ven-

468 2756 623 2817 ditor
679 2755 753 2816 ad
815 2753 1138 2816 custodiam
1198 2755 1412 2814 emtori
1470 2754 1882 2834 praestandam
1944 2748 2350 2836 compellitur,
2398 2750 2653 2832 proinde

469 2859 645 2942 quasi
689 2868 883 2920 emtor
926 2858 1246 2921 dominium
1280 2860 1408 2942 Jam
1448 2858 1898 2943 impetraverit3
1942 2878 2042 2922 res
2086 2868 2242 2920 emta
2271 2856 2358 2919 ita
2388 2857 2468 2919 ad
2502 2857 2655 2920 bona

469 2964 717 3028 emtoris
764 2965 1030 3026 refertur
1051 3009 1068 3041 ‚
1117 2975 1183 3052 ut
1210 2964 1492 3028 venditor
1521 2966 1688 3047 quasi
1718 2965 1949 3028 alienae
1971 2967 2100 3051 jam
2131 2964 2220 3028 rei
2251 2965 2544 3026 detentor
2573 2965 2657 3027 in·

469 3070 794 3154 telligatur.
858 3070 1083 3133 Porro:
1135 3070 1356 3135 domini
1387 3083 1499 3149 est,
1528 3093 1655 3135 rem
1687 3093 1855 3137 suam
1886 3091 2134 3135 servare
2167 3082 2228 3135 et
2256 3082 2498 3135 sumtus
2534 3092 2657 3134 ser-

468 3178 649 3242 vandi
682 3199 862 3242 eausa
889 3177 1188 3261 irrogatos
1220 3159 1485 3258 solvere,
1522 3190 1694 3261 atque
1726 3179 1998 3242 dominus
2030 3179 2085 3241 ei
2115 3189 2375 3252 tenetur,
2411 3177 2525 3259 qui
2561 3198 2658 3240 ne-

469 3284 628 3367 gotia
661 3304 879 3367 gerens
912 3284 1220 3368 pecuniam
1250 3284 1314 3348 in
1346 3304 1499 3362 rem,
1541 3307 1618 3350 ne
1651 3285 2051 3349 deterioretur
2080 3285 2177 3348 vel
2208 3284 2514 3360 intereat,
2555 3284 2657 3346 im-

471 3392 704 3475 pendit:
740 3390 823 3454 ita
851 3391 1130 3456 venditor
1159 3402 1389 3454 sumtus
1420 3392 1484 3454 in
1512 3413 1642 3455 rem
1671 3392 1971 3457 venditam
2002 3393 2302 3474 irrogatos
2323 3390 2395 3452 ab
2421 3401 2660 3453 emtore

472 3497 697 3559 utiliter
725 3497 896 3579 petit,
917 3497 1088 3579 quasi
1118 3498 1373 3581 negotiis
1407 3500 1535 3583 ejus
1567 3498 1777 3582 gestiS,
1813 3509 1874 3562 et
1904 3497 2141 3561 additur
2170 3497 2492 3580 expressis
2529 3516 2658 3562 ver·

472 3602 566 3666 bis
608 3603 671 3665 in
715 3603 756 3664 l.
796 3602 894 3665 13.
941 3605 973 3685 ἕ
1017 3601 1122 3665 22.
1159 3604 1259 3667 cit.
1312 3626 1523 3690 „quas
1575 3606 1911 3668 vertis-imile
1953 3614 2095 3668 erat
2133 3607 2319 3667 etiam
2364 3615 2659 3667 emtorem

472 3710 630 3773 velle
672 3709 1035 3793 z'mpendz‘“.
1101 3709 1370 3794 Denique
1417 3721 1483 3773 ut
1526 3730 1711 3774 onera
1754 3712 1845 3774 rei
1887 3711 1959 3774 ad
2003 3711 2305 3774 dominum
2346 3710 2661 3794 pertinere

473 3816 705 3894 solent,
766 3816 854 3879 sic
909 3815 1109 3880 omnia
1150 3816 1240 3879 rei
1286 3828 1481 3881 emtae
1528 3838 1711 3902 onera
1754 3818 1825 3881 ad
1868 3828 2156 3880 emtorem
2198 3818 2533 3901 pertinent.
2587 3852 2662 3867 —-

475 3920 701 3999 Quibus
731 3923 1043 4006 perpensis
1072 3923 1187 3987 dici
1219 3934 1437 4008 potest,
1465 3923 1861 3988 materialiter
1889 3962 1972 3972 —
2004 3925 2085 3987 sit
2114 3924 2290 3988 venia
2312 3923 2549 3989 verbo!
2584 3959 2662 3973 --

473 4047 600 4090 rem
646 4027 821 4091 bonis
867 4030 1113 4093 emtoris
1158 4030 1453 4093 adnexam
1496 4032 1692 4096 videri
1731 4032 1869 4094 inde
1914 4053 1949 4095 a
1980 4032 2241 4115 perfecta
2273 4030 2657 4107 venditione3

478 4133 671 4197 omnis
701 4135 792 4198 rei
823 4156 1004 4199 causa
1033 4135 1106 4202 ad
1137 4148 1425 4199 emtorem
1457 4138 1530 4201 ab
1562 4159 1634 4201 eo
1665 4150 1965 4203 momento
1996 4138 2278 4223 pertinet,
2305 4158 2660 4221 quamquam

622 4361 670 4421 1)
710 4359 770 4410 L.
800 4362 887 4414 21.
914 4380 992 4429 pr.
1021 4364 1084 4415 D.
1115 4365 1176 4415 de
1203 4366 1315 4428 lege
1343 4364 1497 4415 Corn.
1529 4364 1588 4416 de
1617 4365 1734 4417 fals,
1763 4365 1875 4432 (48,
1907 4363 2012 4429 10).
