2782 5052
1198 582 1543 646 suono
1589 583 1718 645 m.

472 733 668 788 §lu-11⁸
686 744 808 780 esse
826 734 1096 778 vueatur
1112 742 1318 777 norm·
1334 733 1641 788 tenerulis,
1660 744 1727 778 ex
1743 744 1856 784 qu·
1874 733 2131 786 quaesti·
2147 734 2349 779 nostro
2368 734 2446 779 ln

779 805 1031 858 simun
1059 807 1466 850 contractuum
1485 805 1780 859 speciebus
1799 805 1994 850 decisa
2010 806 2091 849 sit
2103 808 2131 850 ἲ

537 995 569 1072 §
614 991 721 1058 35.
812 993 1234 1074 Quaestionem
1279 1004 1543 1057 nostram
1588 992 1883 1077 propriam
1915 992 2135 1056 mutuis
2167 992 2566 1076 obligationi-

366 1098 475 1164 bus
518 1120 651 1166 esse
673 1147 689 1177 ‚
736 1112 912 1184 atque
953 1100 1088 1163 ideo
1110 1147 1128 1177 ,
1173 1099 1223 1163 si
1269 1100 1405 1183 quid
1437 1099 1713 1183 principii
1745 1099 1989 1163 omnino
2022 1119 2156 1163 esse
2187 1100 2563 1162 credendum

367 1206 482 1284 sit,
531 1206 643 1270 hoc
688 1228 771 1270 ex
813 1206 1097 1290 peculiari
1142 1218 1478 1270 mutuarum
1519 1205 1944 1288 obligationum
1977 1217 2186 1269 natura
2222 1217 2283 1269 et
2312 1207 2562 1269 ratione

368 1312 766 1396 colligendum
810 1333 982 1390 esse,
1046 1334 1227 1396 supra
1276 1313 1402 1398 jam
1446 1312 1799 1375 memoravi.
1878 1310 2162 1391 Quaestio
2211 1314 2366 1376 enim
2416 1335 2558 1377 cum

367 1418 586 1481 haecce
631 1418 744 1496 sit,
795 1441 1105 1503 quamnam
1151 1420 1270 1483 vim
1311 1418 1559 1484 alterius
1602 1419 2021 1502 praestationis
2062 1419 2559 1503 impedimentum

370 1525 772 1610 insuperabile
815 1527 877 1589 in
923 1527 1172 1591 alterius
1219 1526 1629 1589 contrahentis
1672 1526 2033 1609 obligatione
2066 1526 2322 1603 habeat,
2371 1545 2559 1588 nemo

367 1633 542 1695 facile
574 1632 899 1708 dubitabit,
949 1634 1088 1715 quin
1119 1633 1265 1695 haec
1292 1632 1387 1696 vis
1421 1642 1482 1694 et
1512 1631 1778 1695 efficacia
1809 1653 1892 1695 ex
1920 1652 1992 1695 eo
2025 1633 2310 1716 pendeat,
2346 1653 2559 1715 quem-

368 1739 680 1802 admodum
711 1748 952 1802 mutuae
983 1738 1137 1803 istae
1167 1738 1605 1822 praestationes
1638 1739 1800 1801 inter
1829 1760 1896 1802 se
1926 1759 2236 1802 connexae
2266 1738 2413 1801 sint.

539 1845 605 1907 In
639 1845 896 1908 emtione
928 1844 1295 1923 venditione,
1325 1846 1622 1908 locatione
1654 1845 2047 1907 conductione
2079 1866 2198 1907 non
2230 1845 2348 1907 duo
2379 1865 2560 1928 sepa-

367 1951 486 2014 rati
529 1961 870 2014 contractus
901 1961 1262 2036 suppetunt,
1313 1954 1419 2015 sed
1452 1973 1605 2021 unus
1636 1952 1907 2034 idemque
1939 1951 2321 2034 obligationis
2353 1971 2558 2014 nexus

370 2069 502 2135 est,
553 2057 886 2141 complures
934 2068 1169 2142 parteS,
1219 2059 1432 2138 „ultro
1479 2059 1750 2141 citroque
1784 2057 2256 2143 obligationem“
2292 2058 2560 2142 comple-

371 2175 577 2244 ctens3
613 2163 700 2228 sic
732 2164 912 2228 emtio
941 2163 1207 2228 venditio
1229 2187 1347 2228 non
1370 2184 1452 2228 ex
1477 2164 1703 2228 duabus
1720 2165 2138 2228 donationibus
2159 2163 2439 2228 consistit
2456 2162 2508 2247 ¹)
2533 2188 2552 2226 ι

371 2284 569 2336 certae
614 2270 836 2355 speciei
883 2280 944 2334 et
988 2270 1167 2355 pretii
1212 2271 1397 2348 certi,
1448 2271 1553 2334 sed
1598 2282 1692 2334 est
1738 2282 2076 2335 contractus
2107 2271 2179 2333 de
2208 2271 2415 2354 specie
2446 2292 2557 2354 pro

370 2389 538 2442 certo
569 2377 761 2462 pretio
794 2379 1170 2460 praestanda,
1193 2372 1479 2442 habemus
1513 2379 1657 2442 duas
1683 2378 2074 2463 obligationes
2099 2378 2266 2460 quasi
2290 2377 2350 2440 in
2370 2398 2559 2440 unum

363 2486 526 2572 juris
559 2505 774 2570 corpus
807 2504 1112 2549 connexas
1132 2531 1149 2562 ,
1183 2484 1244 2548 in
1277 2506 1453 2549 unam
1485 2487 1733 2549 formam
1766 2486 2087 2562 conflatas,
2124 2496 2374 2567 uterque
2407 2505 2555 2548 con-

370 2592 615 2656 trahens
646 2592 1050 2655 contrahendo
1090 2592 1337 2655 alterius
1369 2604 1630 2656 mutuam
1663 2592 2130 2677 praestationem
2159 2591 2244 2654 ita
2272 2591 2554 2674 respicit,

371 2710 438 2762 ut
468 2699 648 2763 tacita
679 2699 1012 2763 contractui
1042 2698 1245 2763 inesse
1276 2699 1553 2762 videatur
1582 2699 1864 2776 conditio,
1888 2709 1955 2761 ut
1984 2699 2164 2762 etiam
2194 2698 2351 2761 alter
2379 2717 2557 2781 prae-

372 2815 511 2867 stet..
575 2804 704 2868 Nec
750 2815 948 2869 tamen
991 2805 1135 2869 haec
1176 2806 1270 2870 vis
1311 2808 1383 2869 de
1415 2825 1709 2889 expressa
1739 2804 2211 2868 contrahentium
2241 2805 2557 2868 voluntate

373 2909 802 2995 proficiscitur,
862 2912 967 2975 sed
1008 2912 1123 2995 ipsi
1170 2912 1411 2997 negotio
1455 2912 1631 2977 tacite
1673 2912 1865 2991 inest3
1916 2923 2131 2975 natura
2174 2910 2364 2973 mutui
2411 2931 2557 2973 con-

372 3027 598 3082 tractus
630 3017 759 3100 ipso
781 3018 920 3102 jure
952 3036 1020 3080 ea
1054 3029 1169 3094 cst,
1201 3029 1268 3081 ut
1297 3019 1489 3082 altera
1517 3019 1837 3103 praestatio
1870 3018 2118 3082 alterius
2151 3017 2414 3081 conditio
2445 3016 2552 3094 sit,

374 3123 556 3189 sicuti
589 3124 694 3187 dos
731 3122 893 3186 nulla
922 3134 1017 3186 est
1046 3123 1162 3188 nisi
1193 3126 1572 3189 matrimonio
1605 3123 2048 3189 interveniente
2079 3135 2141 3187 et
2170 3123 2295 3186 doti
2327 3123 2559 3206 simpli-

373 3231 525 3296 citer
555 3230 915 3296 constitutae
944 3233 1124 3297 tacite
1155 3233 1387 3318 adjecta
1417 3253 1552 3296 esse
1574 3233 1731 3318 juris
1763 3230 2023 3294 conditio
2053 3231 2326 3295 videtur:
2368 3229 2559 3312 siqui-

375 3339 507 3402 dem
563 3338 1007 3414 matrimonium
1065 3340 1475 3403 contrahatur.
1553 3340 1651 3404 Uti
1694 3339 1785 3417 is,
1811 3337 1936 3421 'qui
1977 3338 2175 3400 dotem
2219 3336 2553 3414 constituit,

373 3444 816 3508 matrimonium
864 3445 1223 3508 exstiturum
1270 3465 1406 3508 esse
1448 3446 1762 3529 supponit,
1815 3443 2054 3507 ethaeo
2086 3442 2419 3527 suppositio
2449 3463 2559 3505 ne-

374 3549 525 3635 gotii
569 3550 752 3614 totius
800 3562 894 3613 est
938 3551 1116 3614 tacita
1171 3550 1432 3614 conditio
1479 3557 1557 3634 (s.
1598 3551 1758 3637 juris
1803 3551 2131 3623 conditio):
2182 3550 2264 3613 ita
2303 3559 2558 3631 uterque

374 3667 634 3720 mutuam
694 3655 1119 3739 obligationem
1176 3658 1532 3722 contrahens
1586 3657 1971 3742 praestationi
2015 3654 2433 3741 suscipiendae
2486 3675 2561 3719 se

373 3763 695 3848 adstringit
735 3784 1115 3847 supponenS,
1161 3764 1413 3827 alterum
1459 3765 1593 3829 vice
1633 3787 1814 3847 versa
1854 3786 1974 3827 non
2005 3764 2200 3827 minus
2234 3762 2563 3845 praestitu-

513 4015 565 4081 1)
603 4015 744 4066 Sicut
767 4032 818 4068 v.
848 4032 898 4068 c.
923 4015 963 4066 l.
992 4014 1042 4067 7.
1070 4016 1098 4084 ἓ
1123 4019 1209 4081 2.,
1249 4016 1288 4066 l.
1317 4016 1402 4067 32.
1432 4014 1460 4082 ἓ
1488 4016 1573 4067 14.
1612 4014 1674 4066 D.
1703 4015 1765 4064 de
1792 4014 1964 4065 donat.
1994 4014 2088 4064 int.
2117 4029 2167 4064 v.
2196 4020 2249 4063 et
2272 4029 2325 4063 u.
2357 4012 2466 4078 (24,
2500 4012 2557 4078 ¹)

375 4107 430 4151 et
454 4101 492 4150 l·
530 4102 616 4154 26.
654 4101 719 4153 D.
759 4101 820 4152 de
858 4118 927 4153 m.
968 4118 1014 4153 c.
1056 4102 1229 4154 donat.
1270 4102 1391 4164 (39,
1422 4103 1472 4158 6)
1511 4107 1717 4151 mutuae
1756 4099 2057 4151 donationes
2091 4105 2458 4150 memorantur.
2484 4124 2564 4137 —-

375 4184 548 4250 Quare
574 4186 784 4239 Romani
810 4189 963 4238 talem
987 4188 1347 4253 obligationem
1371 4194 1596 4239 mutuam
1621 4202 1719 4237 non
1746 4186 1943 4237 duabus
1969 4185 2415 4253 stipulationibus,
2463 4186 2563 4235 sed

375 4270 506 4320 nudo
533 4287 783 4323 consensu
808 4274 1203 4325 contrahendam
1241 4289 1354 4325 esse
1388 4271 1767 4324 existimabant.
1797 4270 1876 4325 cf.
1905 4287 1980 4325 vo
1998 4287 2030 4321 n
2067 4273 2139 4323 de
2156 4289 2183 4323 r
2206 4271 2284 4323 Pr
2292 4272 2407 4323 ord
2424 4278 2559 4337 ten,

372 4356 805 4424 Abltandlungen
840 4376 892 4427 p.
919 4362 1039 4417 242.
1069 4367 1123 4411 et
1146 4361 1267 4416 248.
