2782 5052
1153 357 1714 423 -6—

520 548 554 629 §
597 546 663 611 2.
755 548 843 610 De
900 548 1246 630 quaestione
1301 558 1512 612 nostra
1567 547 2039 631 quandoquidem
2082 547 2304 611 multae
2351 559 2555 611 ortae

349 664 492 718 sunt
535 654 1006 732 controversiae,
1071 664 1133 717 et
1176 655 1636 737 disceptationes
1681 655 1819 718 inde
1861 655 2303 739 proficiscentes
2347 657 2552 718 modo

348 759 530 824 latius
576 761 968 842 vagabantur,
1017 761 1194 824 modo
1234 763 1299 824 in
1342 762 1629 824 arctiores
1673 762 1823 824 fines
1869 772 2211 845 compactae
2255 760 2548 844 singulas

350 877 581 929 tantum
630 867 808 929 totius
865 868 1201 950 argumenti
1260 878 1461 951 partes
1513 868 2124 952 comprehendebant:
2182 867 2548 951 priusquam

349 973 426 1035 ad
455 973 648 1056 ipsum
677 972 968 1036 materiae
999 974 1450 1057 perlustrandae
1480 986 1754 1039 tenorem
1785 976 2059 1038 accedam
2079 1020 2097 1052 ,
2144 975 2294 1037 fines
2336 984 2545 1036 mate-

346 1077 478 1141 riae
509 1078 808 1142 definiisse
843 1081 1106 1164 expedit.

520 1184 821 1269 Conjungi
879 1187 1037 1251 solet
1093 1187 1363 1270 quaestio
1424 1197 1634 1252 nostra
1692 1209 1823 1252 cum
1877 1187 2289 1271 disquisitione
2336 1188 2541 1252 totius

349 1291 683 1368 doctrinae,
720 1313 868 1374 quae
900 1303 997 1355 est
1026 1293 1100 1355 de
1131 1294 1346 1356 damno
1378 1315 1520 1357 casu
1550 1295 1711 1372 dato,
1749 1296 1822 1359 de
1853 1317 2027 1359 casus
2058 1295 2347 1378 periculo,
2394 1295 2543 1358 sive

349 1397 414 1460 in
445 1396 867 1480 obligationem
898 1399 1151 1464 deducta
1179 1400 1312 1466 sive
1341 1399 1491 1464 citra
1522 1388 1905 1484 obligationis
1936 1423 2133 1465 nexus
2165 1401 2359 1485 posita
2388 1421 2541 1484 spe-

350 1503 466 1567 cie.
561 1503 726 1587 Quae
771 1505 1042 1592 quaestio
1085 1506 1170 1570 ita
1214 1507 1670 1592 circumscripta
1715 1508 1892 1571 latius
1934 1519 2133 1591 patet3
2193 1507 2542 1570 luculenter

350 1612 508 1673 enim
540 1611 612 1674 de
642 1610 940 1676 Wiichter
969 1611 1025 1696 ¹)
1066 1614 1244 1676 aliam
1285 1613 1580 1676 rationem
1627 1624 1805 1677 extra
1846 1614 2261 1697 obligationem
2292 1613 2532 1692 valere,

349 1717 527 1779 aliam
559 1717 942 1800 obligationis
974 1739 1140 1782 nexu
1170 1719 1501 1803 supposito,
1549 1722 2020 1800 demonstravit:
2070 1743 2247 1804 quum
2290 1721 2537 1803 quidem

347 1823 471 1886 illic
519 1822 682 1886 nulla
727 1822 846 1886 alia
889 1843 1025 1887 esse
1069 1846 1281 1888 norma
1322 1826 1620 1905 videatur,
1685 1848 1860 1909 quam
1920 1839 1985 1892 ut
2043 1849 2245 1892 casum
2306 1825 2539 1890 sentiat

350 1929 648 2006 dominus,
713 1928 809 1992 hic
862 1949 1010 1993 vero
1062 1931 1182 1993 alia
1225 1933 1518 2016 principia
1558 1933 1683 1996 sint
1720 1935 2102 2017 proponenda
2146 1942 2207 1997 et
2252 1933 2534 2016 propriae

353 2047 661 2119 emergant
691 2036 1097 2117 quaestiones.
1162 2038 1385 2122 Quippe
1419 2040 1574 2103 enim
1604 2039 1667 2101 in
1700 2039 2062 2123 obligatione
2094 2041 2166 2102 de
2199 2060 2270 2102 eo
2301 2039 2529 2122 agitur,

352 2144 544 2206 altero
592 2163 673 2206 ex
718 2141 943 2206 duobus
992 2143 1505 2224 contrahentibus,
1571 2147 1887 2229 quominus
1946 2146 2370 2230 obligationem
2415 2145 2534 2206 im-

351 2250 534 2335 pleat,
583 2271 690 2334 per
718 2268 920 2312 rerum
953 2261 1226 2315 naturam
1255 2251 1562 2336 impedite,
1611 2240 1926 2317 maneatne
1968 2275 2079 2316 suo
2119 2255 2253 2317 loeo
2301 2251 2532 2335 obliga-

352 2355 533 2426 tionis
579 2376 799 2433 nexuS,
850 2378 928 2419 an
970 2367 1130 2421 totus
1171 2357 1521 2441 perimatur.
1615 2358 1731 2423 Sed
1762 2381 1835 2423 ne
1869 2359 2259 2444 obligationes
2291 2359 2530 2440 quidem

355 2481 563 2525 omnes
608 2461 925 2546 disputatio
983 2483 1118 2526 mea
1170 2464 1634 2549 complectetur,
1680 2487 1855 2549 quum
1902 2466 2063 2529 aliud
2106 2467 2169 2530 in
2211 2464 2530 2549 obligatio-

353 2570 527 2632 nibus
586 2569 1073 2649 uuilateralibus,
1134 2571 1291 2634 aliud
1345 2572 1410 2633 in
1478 2574 1699 2636 mutuis
1764 2574 1972 2637 valere
2026 2572 2399 2649 existimem,
2464 2580 2533 2633 et

354 2698 532 2758 quum
578 2676 642 2739 in
685 2676 850 2739 hisce
893 2676 1324 2759 posterioribus
1369 2678 1551 2743 totius
1595 2678 2048 2743 controversiae
2093 2687 2271 2759 caput
2311 2686 2371 2739 et
2400 2675 2530 2758 api-

353 2802 484 2844 cem
532 2802 668 2845 esse
715 2782 986 2861 eluceat,
1050 2783 1488 2867 disquisitionis
1534 2785 1685 2849 fines
1732 2785 1803 2848 ad
1848 2795 2086 2848 mutuas
2133 2783 2527 2868 obligationes

349 2888 737 2971 restringam.

525 2995 687 3081 Quae
733 3015 866 3060 cum
912 2994 997 3056 ita
1042 2995 1185 3073 sint,
1236 2996 1421 3059 totius
1467 3017 1502 3058 a
1546 2996 1717 3059 nobis
1762 2995 2210 3080 perlustrandae
2240 2996 2527 3059 materiae

353 3121 641 3172 summam
687 3099 775 3170 sic
821 3100 1013 3185 placet
1058 3101 1599 3185 comprehendere:
1650 3101 1718 3163 In
1749 3102 2146 3166 contractibus
2176 3103 2397 3166 mutuis
2431 3106 2518 3181 (v.

352 3206 762 3275 bilateralibus
806 3208 1150 3290 aequalibus
1193 3231 1254 3274 v.
1305 3210 1605 3290 onerosis)
1650 3230 1826 3291 quum
1870 3218 2121 3291 uterque
2167 3207 2524 3272 contrahen-

356 3313 500 3376 tium
535 3312 783 3377 alterius
815 3316 1120 3392 exstiterit
1150 3325 1211 3377 et
1241 3314 1475 3379 debitor
1507 3327 1565 3378 et
1597 3314 1879 3391 creditor,
1930 3316 2085 3378 alter
2113 3335 2262 3379 vero
2295 3335 2518 3391 eorum,

353 3439 423 3480 ac
469 3419 631 3482 nulla
675 3419 913 3502 quidem
957 3421 1126 3505 culpa
1165 3442 1411 3488 morave
1452 3422 1640 3506 ipsius
1687 3420 2149 3498 interveniente,
2213 3421 2522 3504 quominus

354 3525 701 3608 obligationi
732 3546 813 3589 ex
846 3548 956 3590 sua
985 3538 1152 3611 parte
1183 3528 1535 3606 satisfaciat,
1571 3546 1678 3610 per
1706 3545 1909 3589 rerum
1941 3538 2214 3590 naturam
2244 3526 2521 3610 impedia-

355 3642 488 3694 tur:
553 3643 750 3696 utrum
798 3632 952 3696 alter
996 3632 1380 3698 nihilominus
1423 3634 1510 3696 illi
1556 3633 1851 3715 obligatus
1896 3643 2164 3709 maneat,
2214 3654 2290 3696 an
2340 3641 2520 3695 totum

355 3738 782 3823 exstinguatur
812 3738 1193 3821 obligationis
1224 3749 1465 3802 mutuae
1494 3738 1825 3818 vinculum,
1874 3750 1942 3809 ut
1979 3740 2134 3809 alter
2178 3759 2411 3822 quoque
2454 3759 2518 3801 ea

354 3844 675 3923 liberetur:
724 3844 927 3926 itaque
968 3843 1069 3906 ubi
1115 3845 1187 3906 de
1229 3866 1296 3909 re
1339 3867 1447 3929 pro
1489 3865 1558 3908 re
1602 3845 1964 3927 praestanda
2009 3845 2227 3928 agitur,
2282 3845 2333 3906 si
2378 3844 2518 3905 alter

354 3951 581 4027 casuali
610 3950 699 4014 rei
729 3950 1054 4013 tradendae
1085 3950 1327 4014 interitu
1359 3971 1391 4013 e
1423 3971 1586 4014 nexu
1628 3950 1969 4031 dimittitur,
2018 3960 2305 4035 pergatne
2348 3949 2511 4026 alter,

355 4056 451 4130 cui
482 4056 753 4134 solvendi
786 4077 905 4128 non
936 4066 1028 4124 est
1058 4057 1288 4133 ademta
1321 4057 1599 4135 facultas,
1649 4058 1972 4123 adstrictus
2024 4058 2212 4120 teneri
2232 4104 2248 4134 ,
2299 4076 2509 4131 annon,

494 4388 547 4453 1)
584 4389 850 4455 Arc-liius.
877 4392 976 4440 civ.
1001 4389 1172 4441 Praoe.
1248 4390 1336 4440 Bd.
1364 4387 1482 4441 XV.
1510 4406 1560 4456 p.
1594 4389 1710 4442 109.
1747 4389 1863 4442 11⁰.
