2782 5052
1180 333 1523 396 ——44

386 542 638 604 „neque
670 522 860 585 bonae
890 521 1027 584 fidei
1058 533 1395 585 contractus
1430 521 1725 605 patitur“‚
1757 519 1918 583 illam
1949 519 2306 583 sententiam
2338 541 2372 583 e
2407 543 2595 585 com-

384 628 552 691 muni
593 638 806 691 natura
848 627 1108 691 omnium
1152 637 1560 691 contractuum
1607 626 1799 689 bonae
1849 626 1986 690 fidei
2030 627 2348 710 (imprimis
2379 627 2595 711 igitur

385 744 797 796 contractuum
829 734 1250 815 bilateralium)
1283 735 1354 798 ab
1387 755 1460 799 eo
1493 733 1823 797 derivatam
1857 752 1989 798 esse
2014 732 2230 797 elucet.

556 842 588 923 §
636 839 742 903 37.
837 839 1069 924 Operae
1101 837 1352 924 pretium
1385 859 1522 903 esse
1551 840 1811 918 videtur,
1851 850 1937 917 ut,
1981 840 2474 923 quemadmodum
2509 841 2584 903 in

382 946 817 1009 recentioribus
860 945 1054 1029 legum
1104 945 1364 1010 civilium
1398 945 1696 1010 codicibus
1729 955 1945 1008 natura
1975 957 2385 1008 contractuum
2417 946 2582 1008 bila-

382 1052 655 1115 teralium
689 1052 1115 1136 comprehensa
1145 1054 1247 1129 sit,
1281 1052 1677 1135 inquiramus.
1736 1052 1843 1115 Jus
1878 1052 2237 1115 territoriale
2269 1052 2581 1114 Borusso-

380 1178 511 1219 rum
531 1155 584 1238 ¹)
618 1159 960 1235 constituit,
1008 1178 1207 1221 rerum
1256 1168 1468 1220 natura
1513 1158 1825 1235 obstante,
1877 1159 2192 1241 quominus
2233 1159 2389 1221 alter
2418 1180 2576 1221 con-

382 1262 625 1326 trahens
671 1265 1094 1348 obligationem
1137 1263 1416 1345 impleat,
1472 1275 1838 1327 contractum
1870 1264 2096 1326 nullum
2127 1283 2285 1326 esse.
2351 1263 2573 1326 Codex

381 1369 575 1432 civilis
603 1369 971 1454 Napoleonis
991 1365 1049 1448 ²)
1083 1370 1539 1445 „contractibus
1570 1370 2156 1455 synallagmaticis“,
2200 1371 2256 1432 id
2289 1380 2383 1431 est
2410 1369 2570 1432 bila-

380 1476 702 1554 teralihus,
750 1497 879 1539 eam
931 1475 1329 1537 conditionem
1366 1476 1606 1538 tacitam
1636 1478 1874 1553 inesse,
1925 1487 2025 1553 ut,
2071 1477 2121 1538 si
2154 1476 2305 1539 alter
2335 1476 2570 1558 obliga-

379 1581 527 1645 tioni
575 1604 695 1646 non
727 1583 1090 1658 satisfaciat,
1140 1582 1293 1644 alter
1323 1593 1427 1644 aut
1459 1592 1825 1645 contractum
1860 1585 2158 1659 resolvat,
2207 1591 2311 1644 aut
2341 1582 2394 1644 si
2425 1582 2565 1644 fieri

376 1689 601 1772 possit,
649 1690 1113 1752 satisfactionem
1155 1687 1384 1769 agendo
1431 1698 1827 1770 extorqueat:
1878 1688 1970 1751 cui
2016 1688 2312 1751 sanctioni
2361 1708 2432 1751 ea
2466 1689 2563 1750 in-

375 1793 585 1857 haeret
615 1794 939 1869 sententia,
977 1795 1167 1857 altero
1199 1813 1405 1856 rerum
1439 1805 1650 1857 natura
1693 1795 2007 1877 quominus
2057 1806 2323 1879 praestet
2368 1797 2560 1878 impe-

376 1900 498 1963 dito
540 1912 906 1963 contractum
942 1900 1190 1963 dissolvi
1221 1901 1592 1983 alterumque
1624 1902 1982 1984 obligatione
2012 1901 2277 1966 liberari.
2345 1892 2561 1965 Codex

375 2006 572 2088 legum
620 2007 882 2070 civilium
913 2004 1263 2069 Austriacus
1282 2001 1335 2088 ³)
1384 2006 1523 2068 licet
1567 2008 1974 2088 quaestionem
2022 2020 2287 2071 nostram
2320 2029 2443 2070 non
2477 2029 2559 2070 ex

373 2114 643 2196 professo
689 2113 940 2189 decidit,
992 2123 1187 2175 tamen
1235 2114 1603 2195 generaliter
1649 2115 1889 2191 definit,
1943 2115 2265 2177 debitorem
2303 2115 2362 2176 id
2397 2114 2555 2196 quod

372 2240 480 2303 pro
524 2220 888 2303 obligatione
929 2219 1227 2302 implenda
1270 2220 1604 2305 acceperit,
1653 2221 1976 2284 restituere
2023 2221 2274 2298 debere,
2323 2220 2378 2283 si
2409 2242 2553 2283 casu

370 2326 746 2410 impediatur,
784 2327 1095 2408 quominus
1128 2347 1255 2390 eam
1288 2326 1551 2410 impleat.
1613 2318 1802 2405 Quam
1835 2327 2201 2389 sanctionem
2233 2326 2550 2408 quominus

374 2432 447 2494 ad
507 2443 843 2496 contractus
903 2433 1240 2496 bilaterales
1285 2435 1651 2504 reseramuS,
1703 2431 1850 2495 nihil
1895 2433 2125 2508 obstat,
2178 2444 2238 2494 et
2282 2433 2412 2496 sola
2457 2443 2550 2495 est

374 2541 620 2616 n'orma,
670 2562 843 2623 quam
888 2540 961 2602 ad
1008 2541 1416 2622 qaaestionem
1462 2552 1726 2604 nostram
1773 2541 2155 2603 decidendam
2204 2541 2398 2603 codex
2443 2540 2543 2603 ille

373 2644 636 2708 exhibet.

540 2751 744 2833 ltaque
788 2753 1164 2833 gravissimis
1208 2755 1649 2817 recentioribus
1697 2755 1893 2838 legum
1936 2755 2197 2818 civilium
2242 2753 2542 2818 codicibus

367 2856 498 2918 sine
530 2855 870 2921 discrimine
903 2880 1035 2921 eam
1067 2883 1331 2924 normam
1366 2861 1699 2940 observari,
1728 2883 1900 2943 quam
1932 2862 2200 2944 equidem
2231 2860 2536 2944 proposui,

367 2960 647 3025 vidimus.

1197 3206 1543 3269 sncwlo
1575 3206 1701 3268 IV.

526 3354 606 3396 lle
646 3354 849 3406 regula
882 3367 923 3399 a
964 3357 1127 3400 nobis
1168 3358 1457 3408 proposita
1493 3358 1559 3401 ln
1601 3357 1931 3400 contractus
1979 3355 2377 3399 innominatus

1145 3428 1492 3480 applicanda
1539 3429 1752 3480 agitur.

533 3615 718 3698 538.
812 3618 1260 3699 Disquisitionis
1323 3630 1567 3683 nostrae
1627 3628 2037 3700 argumentum
2098 3617 2208 3681 hoc
2271 3631 2397 3680 est:
2463 3617 2523 3679 in

362 3724 765 3786 contractibus
811 3726 1032 3787 mutuis
1076 3724 1264 3788 altero
1311 3727 1705 3790 contrahente
1746 3724 2165 3807 obligationem
2227 3734 2523 3807 praestare

498 4022 549 4088 1)
585 4024 821 4089 Allgem.
849 4022 1161 4074 Landreclzt
1193 4022 1290 4074 Th.
1319 4022 1359 4074 1.
1389 4022 1496 4073 Tit.
1527 4025 1574 4074 5.
1607 4025 1633 4089 ὅ
1661 4025 1779 4077 364.
1809 4024 1928 4075 365.
1969 4022 2317 4088 Legislatores
2345 4039 2374 4074 a
2402 4022 2523 4073 falsa

357 4109 591 4160 emtionis
616 4109 919 4161 venditionis
945 4110 1268 4177 conceptione
1298 4110 1675 4177 proficiscentes
1701 4111 2006 4161 sententiam
2031 4126 2183 4177 supra
2207 4116 2520 4160 memoratam

356 4192 431 4242 ita
467 4195 774 4260 adhibuere,
818 4203 873 4246 ut
909 4197 1063 4248 etiam
1104 4197 1147 4246 si
1181 4212 1264 4247 res
1290 4203 1426 4246 emta
1453 4205 1569 4247 ante
1596 4197 1919 4248 traditione-m
1946 4203 2150 4263 pereat,
2192 4196 2518 4247 venditionem

357 4280 577 4329 rescindi
628 4282 1029 4346 constituerent3
1066 4283 1132 4331 cl'.
1176 4282 1210 4330 l.
1252 4299 1298 4333 c.
1343 4281 1449 4332 Tit.
1488 4283 1564 4334 11.
1609 4284 1780 4347 3100.
1831 4312 1900 4319 —
1945 4283 2007 4348 2)
2043 4283 2176 4332 Liv.
2213 4281 2300 4332 ΙΙΙ.
2343 4280 2440 4331 Tit.
2465 4282 2513 4331 3.

356 4365 382 4430 §
414 4366 565 4418 1184.
609 4395 668 4403 —
709 4368 764 4432 3)
805 4369 1031 4434 Allgem.
1065 4368 1298 4434 bilrgcrl.
1336 4370 1544 4420 Gelu-B.
1586 4369 1736 4420 Tbeil
1763 4368 1851 4420 ΙΙΙ.
1891 4369 2127 4435 Hauptst.
2158 4369 2207 4420 3.
2238 4368 2266 4434 §
2300 4368 2437 4421 1447.
