2782 5052
1009 379 1611 444 *17*

217 571 583 648 damentum,
606 568 854 632 eundem
889 588 1134 632 sensum
1166 587 1301 632 esse
1334 565 1499 630 dicit.
1549 564 1677 631 Nec
1710 576 1907 629 tamen
1934 564 2066 629 ideo
2093 565 2395 649 posterius

218 695 719 741 commemorasse
751 676 993 739 omnino
1023 695 1534 759 supervacaneum
1562 684 1716 751 erat,
1736 675 2155 736 advocatorum
2180 693 2395 737 munus

217 783 355 867 quia
401 804 522 846 non
569 803 886 866 operarum
931 781 1248 846 locationis
1292 781 1398 845 sed
1443 781 1699 844 mandati
1743 790 1836 842 est
1866 779 2136 863 species3
2182 799 2391 862 quare,

217 889 458 953 etiamsi
480 890 609 974 jam
641 901 864 952 certum
899 888 1028 952 erat
1050 934 1067 966 ,
1104 909 1421 972 operarum
1451 888 1696 951 locatori
1728 887 2060 950 mercedem
2094 897 2295 969 petere
2326 886 2398 948 li-

218 1017 384 1073 cere,
422 996 474 1059 si
505 1016 612 1079 per
644 996 1064 1058 conductorem
1099 994 1360 1072 steterit,
1395 994 1709 1077 quominus
1742 992 2023 1077 obligatio
2055 992 2393 1077 impleatur,

218 1123 346 1166 non
375 1103 510 1166 ideo
544 1100 874 1179 constabat,
909 1101 1067 1165 idem
1093 1102 1247 1186 juris
1280 1121 1417 1164 esse
1448 1102 1520 1164 de
1552 1101 1901 1164 honorario.

396 1207 465 1292 6)
511 1208 824 1290 Reliquum
869 1218 995 1285 est,
1046 1210 1112 1270 ut
1153 1208 1343 1291 legem
1383 1206 1443 1270 1.
1492 1209 1525 1290 ᾖ
1563 1206 1663 1269 13.
1702 1208 1776 1269 D.
1815 1206 1886 1269 de
1932 1215 2169 1270 extrao.
2219 1227 2395 1288 cogn.

222 1313 361 1395 (50,
400 1313 507 1396 13)
539 1315 975 1398 perstringam,
1023 1335 1176 1396 quae
1218 1296 1319 1377 vel
1366 1314 1630 1376 maxima
1662 1313 1955 1375 crux·fuit
1980 1313 2394 1396 interpretum.

219 1421 422 1485 Verba
466 1421 683 1485 haecce
726 1431 898 1483 sunt:
953 1421 1082 1509 „VD.
1120 1421 1379 1483 Severus
1411 1420 1483 1482 ab
1519 1418 1833 1482 heredibus
1865 1419 2137 1483 advocati
2167 1432 2400 1483 mortuo

224 1548 298 1590 eo
329 1526 629 1612 prohibuit
654 1526 992 1589 ‘mercedem
1020 1527 1236 1610 repeti,
1267 1527 1404 1609 quia
1436 1547 1548 1610 per,
1573 1527 1766 1609 ipsum
1798 1546 1920 1588 non
1950 1537 2226 1604 steterat,
2257 1549 2403 1609 quo-

225 1634 421 1697 minus
478 1654 720 1697 causam
780 1640 1065 1715 ageret“.
1144 1634 1401 1711 Puchta,
1467 1633 1541 1695 de
1598 1632 1975 1714 Vangerow,
2040 1633 2137 1695 alii
2198 1633 2401 1698 verbis

226 1752 520 1818 „mortuo
568 1745 694 1803 eo“
747 1739 1010 1820 occupati
1054 1749 1113 1801 et
1152 1738 1244 1803 his
1291 1761 1529 1803 causam
1561 1738 1967 1822 impedimenti
2001 1739 2258 1824 exprimi
2289 1740 2403 1802 rati

224 1846 419 1929 legem
479 1846 565 1908 sic
621 1845 1151 1928 interpretantur,·
1190 1854 1257 1907 ut
1308 1845 1614 1908 advocatis
1670 1845 2044 1928 privilegium
2089 1847 2398 1910 concedat.

225 1953 515 2034 Equidem
548 1951 796 2014 Wolffio
829 1951 1157 2026 assentior,
1204 1951 1290 2014 ita
1320 1950 1774 2034 interpretanti,
1824 1963 1891 2014 ut
1919 1951 2402 2036 impedimentum

230 2079 449 2122 causae
482 2058 746 2141 agendae
778 2079 898 2120 non
927 2058 989 2120 in
1022 2068 1215 2121 morte
1248 2058 1485 2121 clientis
1509 2104 1526 2135 ,
1564 2058 1669 2121 sed
1699 2058 1764 2121 in
1794 2058 1910 2122 alia
1940 2079 2044 2136 re,
2079 2060 2250 2125 nobis
2283 2082 2406 2124 non

228 2164 501 2248 prodita,
550 2175 860 2241 vertatur,
910 2187 979 2228 ac
1021 2165 1207 2229 verba
1254 2175 1547 2243 „mortuo
1594 2172 1718 2229 eo“
1770 2186 1892 2228 non
1921 2167 2214 2230 rationem
2248 2168 2407 2230 deci-

232 2272 409 2335 dendi
450 2273 555 2335 sed
601 2271 929 2354 simplicem
975 2272 1118 2334 facti
1162 2271 1451 2354 suppositi
1508 2272 1919 2334 narrationem
1960 2274 2307 2336 contineant
2348 2286 2408 2337 et

231 2378 600 2441 solummodo
632 2398 910 2453 causam,
976 2398 1084 2439 cur
1113 2378 1365 2442 heredes
1398 2378 1709 2455 advocati,
1768 2398 1888 2440 non
1918 2378 2046 2459 ipse
2079 2379 2406 2443 advocatus

233 2485 663 2564 conveniatur,
688 2484 1036 2567 designent3
1072 2502 1584 2567 supervacaneum
1617 2482 1730 2545 hoc
1762 2494 1992 2567 poterat
2018 2485 2236 2563 videri,
2273 2508 2407 2550 cum

234 2590 487 2654 heredes
537 2612 658 2654 non
701 2600 946 2653 exstent
989 2589 1105 2652 nisi
1152 2589 1450 2667 defuncti3
1502 2589 1606 2652 sed
1647 2590 1991 2653 meminisse
2024 2602 2296 2674 oportet,
2344 2594 2408 2655 in

231 2698 577 2780 rescriptiS‚
640 2709 702 2761 et
755 2698 1090 2780 ubicunque
1138 2696 1438 2759 sententia
1478 2695 1701 2779 speciei
1748 2695 2018 2778 singulae
2065 2699 2408 2782 suppositae

233 2804 611 2888 adjungitur,
664 2824 814 2886 quae
852 2803 993 2866 facti
1025 2812 1164 2866 sunt
1194 2814 1254 2866 et
1285 2824 1435 2885 quae
1458 2803 1617 2888 juris
1638 2849 1655 2880 ,
1707 2802 1770 2865 in
1800 2803 2122 2867 verborum
2155 2817 2411 2871 externa

230 2910 468 2973 ratione
516 2930 583 2972 ac
629 2920 933 2973 structura
974 2932 1096 2973 non
1127 2930 1363 2993 semper
1393 2920 1670 2974 accurate
1703 2910 2019 2998 distingui,
2069 2912 2153 2977 ita
2182 2924 2247 2975 ut
2277 2935 2411 2978 sae-

231 3016 476 3100 pissime
512 3018 639 3101 jam
684 3019 898 3080 factum
944 3016 1063 3095 sit,
1121 3026 1189 3080 ut
1231 3016 1588 3100 interpretes
1631 3018 1769 3080 facti
1811 3021 2067 3102 speciem
2111 3042 2217 3103 pro
2251 3021 2409 3105 juris

234 3143 467 3187 summa
506 3123 761 3186 medulla
805 3123 1091 3186 habentes
1134 3143 1169 3184 a
1208 3133 1373 3185 recta
1417 3124 1514 3186 via
1561 3124 1739 3205 longe
1772 3126 2164 3189 declinarent.
2230 3128 2315 3191 lta
2346 3129 2409 3191 in

235 3239 446 3292 nostro
493 3251 719 3312 quoque
763 3229 895 3291 loco
926 3229 999 3289 D.
1037 3226 1296 3291 Severus
1339 3228 1413 3288 ad
1451 3227 1807 3291 relationem
1839 3231 2165 3293 nuntiantis
2191 3233 2410 3315 judicis

232 3335 336 3397 vel
354 3334 662 3419 ⁸precantis
692 3334 784 3397 rei
814 3353 951 3395 sese
982 3331 1284 3415 applicans
1317 3332 1457 3393 facti
1485 3332 1747 3414 ‘speciem
1778 3335 2032 3417 repetit,
2068 3335 2227 3398 nullo
2252 3338 2411 3420 juris

232 3452 480 3525 repectu
523 3440 761 3516 habit03
818 3438 975 3500 ratio
1021 3436 1330 3498 decidendi
1390 3446 1531 3499 tunc
1579 3436 1810 3500 demum
1853 3440 2151 3521 sequitur3
2203 3444 2409 3506 eadem

237 3558 369 3621 est,
420 3567 593 3627 quam
623 3544 686 3606 in
718 3543 836 3626 leg.
875 3541 978 3607 38.
1017 3543 1116 3605 cit.
1153 3541 1444 3624 legimus:
1497 3544 1688 3626 „quia
1721 3565 1825 3626 per
1852 3546 2043 3628 ipsum
2076 3569 2195 3611 non
2228 3560 2413 3613 stete-

232 3662 372 3730 rat,
439 3649 830 3733 quominus“.
925 3648 999 3713 Ut
1056 3647 1168 3710 hoc
1226 3649 1403 3712 modo
1462 3650 1636 3713 istam
1683 3654 1871 3735 legem
1923 3654 2406 3738 interpretemur,

238 3741 420 3822 etiam
465 3776 536 3819 eo
581 3756 959 3834 adducimur,
1010 3755 1201 3837 quod,
1250 3766 1316 3817 ut
1345 3756 1543 3819 Wolff
1576 3758 1616 3820 Ι.
1654 3780 1705 3821 c.
1758 3760 2092 3823 rectissime
2133 3765 2255 3848 jam
2287 3785 2412 3826 mo-

239 3864 373 3926 nuit
396 3910 411 3941 ,
458 3885 577 3925 non
616 3882 776 3945 „per
806 3868 995 3924 eum“
1020 3908 1036 3938 ,
1082 3863 1186 3925 sed
1220 3884 1380 3947 „per
1412 3866 1664 3948 ψεαηκ(
1698 3866 1978 3948 scriptum
2010 3880 2134 3946 est,
2187 3890 2268 3932 ex
2298 3892 2411 3953 quo

239 3969 493 4054 intelligi
543 3969 746 4046 debet,
800 3968 1088 4031 contrarii
1130 3969 1553 4054 cogitationem
1602 3972 1825 4035 fuisse:
1876 3991 1994 4035 non
2039 3995 2146 4057 per
2189 3976 2407 4059 ipsum,

241 4076 348 4139 sed
393 4075 810 4159 impedimento
858 4096 936 4137 ex
980 4095 1238 4158 persona
1282 4076 1515 4139 clientis
1553 4079 1680 4161 jam
1740 4089 1879 4141 ante
1932 4091 2185 4144 mortem
2228 4084 2411 4147 advo-

243 4182 358 4246 cati
392 4182 712 4245 existente.
787 4182 1119 4266 Adjuvatur
1150 4201 1381 4264 quoque
1412 4181 1824 4268 interpretatio
1855 4197 2062 4250 nostra
2094 4187 2196 4252 illa
2228 4189 2269 4251 l.
2300 4187 2405 4255 38.

243 4291 277 4374 ἓ
314 4288 373 4353 1.
443 4288 783 4367 „Advocati
815 4309 1069 4372 quoque,
1105 4289 1157 4352 si
1189 4307 1295 4372 per
1327 4307 1433 4351 eos
1466 4311 1587 4352 non
1618 4293 1889 4369 steterit,
1928 4297 2238 4376 quominus
2271 4319 2411 4361 cau-

243 4417 371 4460 sam
403 4407 617 4481 agant,
669 4395 990 4459 honoraria
1020 4395 1271 4460 reddere
1302 4417 1422 4459 non
1454 4396 1722 4461 debent“
1745 4446 1762 4479 ,
1811 4420 1963 4481 quae
1995 4403 2285 4482 quomodo
2317 4403 2439 4466 in-·‡

1956 4503 1998 4566 2
