2782 5052
1265 365 1870 430 ψῃ...-

478 553 958 618 deteriorationis
989 557 1170 637 (quae
1203 555 1317 618 dici
1348 554 1530 636 solet)
1576 573 1658 616 ex
1700 554 1745 616 l.
1775 554 1843 617 5.
1879 556 1913 638 ἓ
1942 552 2008 618 2.
2058 555 2132 618 D.
2168 555 2240 617 de
2269 575 2438 620 resc.
2474 557 2648 620 vend.

477 660 612 743 (18,
650 660 759 744 5),
794 661 837 723 l.
876 659 936 723 1.
985 682 1076 743 pr.
1124 672 1184 724 et
1216 660 1316 724 15.
1365 661 1440 723 D.
1478 662 1549 723 de
1590 660 1778 744 peric.
1816 671 1877 723 et
1922 681 2138 723 comm.
2176 660 2328 744 (18,
2360 660 2475 745 6),
2515 663 2559 724 l.
2592 663 2648 725 2.

478 766 606 851 §5.
643 767 774 829 etl.
813 766 874 830 3.
925 766 997 829 D.
1038 769 1109 829 de
1153 767 1359 830 hered.
1398 789 1460 830 v.
1509 777 1630 830 act.
1664 767 1843 830 vend.
1882 765 2033 848 (18,
2069 766 2139 847 4)
2184 777 2479 831 emtorem
2528 789 2655 852 spe-

477 885 621 937 ctat.
686 873 853 938 Unde
884 873 1158 956 sequitur
1179 919 1196 951 ,
1244 883 1309 935 ut
1339 874 1394 937 si
1422 872 1552 957 ipsa
1588 874 1800 936 damna
1831 894 2071 937 causam
2105 875 2247 936 dant
2266 874 2428 958 juris
2460 875 2653 956 acqui-

475 979 670 1058 rendi,
705 979 767 1041 id
790 982 894 1065 jus
927 981 1105 1044 etiam
1137 981 1350 1044 emtori
1381 980 1743 1063 acquiratur.
1796 978 1885 1042 Ita
1914 979 1958 1041 l.
1997 978 2101 1042 14.
2138 1000 2228 1063 pr.
2264 979 2337 1042 D.
2376 979 2450 1042 de
2483 981 2649 1043 furtis

479 1084 628 1168 (47,
662 1086 732 1168 2)
792 1087 969 1149 dicit:
1039 1087 1377 1166 „Mandare
1435 1086 1807 1149 venditorem
1865 1086 2041 1170 plane
2100 1086 2401 1169 oportebit
2441 1088 2650 1149 emtori

477 1193 622 1256 furti
670 1192 967 1255 actionem
1013 1204 1074 1256 et
1121 1193 1562 1257 condictionem
1595 1202 1655 1253 et
1683 1192 2180 1271 vindicationem3
2232 1192 2374 1255 etsi
2409 1193 2547 1275 quid
2578 1215 2649 1256 ex

478 1300 571 1362 his
603 1298 936 1362 actionibus
982 1300 1163 1362 fuerit
1194 1309 1589 1374 consecutus,
1637 1297 1695 1359 id
1729 1308 2038 1380 praestare
2070 1320 2203 1361 cum
2234 1299 2451 1361 emtori
2482 1321 2649 1382 opor-

478 1406 678 1468 tebit“
705 1452 722 1484 ,
771 1417 831 1468 et
873 1405 915 1467 l.
956 1403 1057 1467 13.
1096 1407 1129 1488 §
1165 1404 1268 1467 12.
1304 1405 1378 1467 D.
1416 1405 1487 1466 de
1520 1413 1639 1466 act.
1694 1403 1834 1465 emti
1869 1401 2019 1484 (19,
2060 1404 2161 1486 1)=
2231 1405 2348 1482 „Si
2397 1406 2537 1487 quid
2569 1405 2649 1467 rei

476 1512 756 1576 venditae
803 1513 1066 1575 nocitum
1100 1523 1191 1575 est
1213 1558 1230 1590 ,
1278 1511 1435 1574 actio
1468 1509 2063 1593 emtoripraestanda
2096 1521 2220 1588 est,
2273 1512 2471 1574 damni
2503 1512 2650 1574 forte

477 1619 722 1696 infecti,
769 1619 867 1682 vel
897 1638 1084 1701 aquae
1117 1617 1353 1700 pluviae
1387 1618 1716 1696 arcendae,
1751 1617 1852 1680 vel
1879 1615 2185 1699 Aquiliae,
2225 1618 2320 1681 vel
2349 1617 2649 1680 interdicti

480 1727 635 1810 quod
663 1727 724 1789 vi
756 1735 859 1788 aut
889 1727 1122 1787 clam“.

653 1832 749 1894 Sic
787 1830 1044 1893 vidimus
1066 1875 1083 1907 ,
1133 1839 1423 1911 quatenus
1471 1848 1645 1890 merx
1690 1830 1937 1913 ejusque
1967 1829 2343 1893 accessiones
2377 1839 2439 1891 et
2469 1848 2650 1891 onera

481 1937 554 2000 ad
601 1947 884 1999 emtorem
931 1935 1110 1998 etiam
1153 1944 1292 1997 ante
1323 1933 1706 1997 traditionem
1739 1936 2112 2018 pertineant3
2163 1955 2321 1997 nunc
2350 1935 2651 2016 perquira-

479 2065 634 2120 mus,
670 2041 1156 2124 quemadmodum
1185 2030 1486 2117 venditor,
1512 2041 1656 2103 licet
1684 2042 1776 2104 rei
1805 2041 2085 2106 venditae
2106 2059 2215 2101 nec
2236 2041 2364 2124 jam
2403 2040 2652 2103 traditae

481 2148 806 2211 dominium
851 2148 1004 2232 apud
1034 2148 1225 2232 ipsum
1255 2157 1569 2226 remanet,
1619 2149 1750 2232 ejus
1779 2148 1870 2211 rei
1900 2157 2174 2231 respectu
2205 2146 2407 2209 habito
2440 2145 2654 2230 dijudi-

481 2265 672 2318 cetur.
1132 2256 1135 2257 ⁷

651 2362 685 2444 ἓ
731 2359 837 2424 25.
932 2358 1002 2443 3)
1043 2361 1116 2424 L.
1153 2359 1215 2424 3.
1262 2361 1335 2424 D.
1372 2362 1445 2424 de
1487 2363 1675 2446 peric.
1713 2373 1772 2425 et
1805 2384 2020 2425 comm.
2058 2359 2191 2444 (18,
2226 2358 2330 2442 6)=
2385 2359 2655 2438 „Custo-

481 2469 634 2533 diam
682 2479 878 2532 autem
908 2467 1187 2532 venditor
1217 2468 1395 2531 talem
1425 2479 1736 2554 praestare
1769 2468 1975 2549 debet,
2024 2489 2195 2552 quam
2228 2475 2541 2551 praestant
2571 2465 2650 2543 hi,

480 2576 693 2657 quibus
736 2595 838 2640 res
885 2575 1254 2640 commodata
1296 2587 1424 2654 est3
1473 2586 1539 2637 ut
1567 2576 1933 2660 diligentiam
1965 2584 2229 2660 praestet
2259 2573 2650 2649 exactiorem,

481 2704 655 2766 quam
710 2682 776 2746 in
835 2682 962 2747 suis
1020 2682 1200 2745 rebus
1262 2680 1670 2760 adhiberet“;
1736 2694 1796 2745 et
1841 2682 1883 2744 l.
1940 2681 2040 2745 14.
2088 2701 2181 2764 pr.
2229 2679 2302 2742 D.
2359 2681 2430 2741 de
2478 2680 2655 2741 furtis

482 2787 632 2869 (47,
667 2788 774 2870 2)=
826 2789 953 2865 „Et
998 2809 1147 2854 sane
1195 2788 1525 2872 periculum
1568 2787 1660 2850 rei
1706 2789 1777 2851 ad
1824 2798 2111 2851 emtorem
2142 2785 2433 2869 pertinet3
2488 2786 2658 2847 dum-

482 2892 654 2955 modo
699 2895 1025 2956 custodiam
1079 2896 1356 2958 venditor
1414 2906 1551 2957 ante
1606 2896 1985 2958 traditionem
2026 2899 2387 2975 praestat“;
2435 2891 2657 2973 quibus

479 2998 712 3080 legibus
732 2999 951 3062 multae
975 3000 1126 3062 aliae
1147 3001 1387 3086 adjungi
1411 3001 1860 3084 poterantidem
1886 2992 2247 3077 statuentes3
2283 3008 2344 3062 et
2362 2998 2587 3075 flasse,
2611 2996 2659 3080 ¹)

479 3104 642 3166 inter
671 3104 842 3168 ICtos
871 3106 1172 3169 Romanos
1205 3106 1427 3168 nullam
1474 3108 1660 3171 fuisse
1704 3107 1776 3169 de
1822 3128 1892 3171 ea
1932 3108 2230 3170 sententia
2259 3124 2521 3187 unquam
2557 3104 2660 3166 du-

477 3210 853 3290 bitationem,
889 3223 1094 3275 contra
1124 3211 1288 3275 Lohr
1302 3208 1356 3295 ²)
1387 3213 1722 3276 luculenter
1750 3213 2207 3278 demonstravit.

651 3317 862 3390 Iisdem
894 3319 1225 3382 rationibus
1258 3320 1562 3403 eaeleges
1583 3365 1600 3396 ,
1651 3340 1802 3402 quae
1834 3331 2064 3383 sumtus
2087 3366 2103 3397 ,
2138 3318 2191 3383 si
2225 3316 2322 3400 qui
2354 3326 2497 3379 ante
2536 3326 2659 3379 tra·

481 3423 764 3487 ditionem
806 3425 868 3487 in
915 3446 1043 3488 rem
1084 3426 1382 3489 venditam
1428 3427 1567 3490 facti
1611 3426 1767 3499 sint,
1812 3426 2114 3488 venditori
2156 3424 2394 3487 restitui
2425 3424 2661 3504 praeci-

478 3529 665 3611 piunt,
702 3532 876 3594 inniti
907 3533 1208 3596 videntur.
1274 3532 1440 3610 Quod
1484 3534 1656 3595 docet
1684 3532 1727 3595 l.
1766 3529 1870 3595 13.
1922 3532 2092 3615 522.
2142 3531 2215 3593 D.
2254 3531 2324 3591 de
2356 3538 2475 3591 act.
2518 3530 2662 3591 emti

479 3632 631 3721 (19,
682 3634 784 3718 1)=
868 3638 1245 3713 „Praeterea
1298 3658 1380 3700 ex
1431 3639 1674 3704 vendito
1728 3640 1959 3721 agendo
2014 3647 2413 3718 consequetur
2472 3636 2660 3698 etiam

481 3753 749 3816 sumtus.
801 3741 899 3823 qui
940 3742 1085 3806 facti
1125 3754 1265 3805 sunt
1293 3744 1356 3807 in
1385 3765 1454 3807 re
1485 3746 1809 3823 distracta3
1872 3753 2073 3828 utputa
2107 3743 2159 3806 si
2190 3742 2324 3824 quid
2357 3742 2417 3804 in
2449 3742 2661 3804 aedifi-

480 3847 571 3909 cia
620 3847 900 3911 distracta
932 3860 1240 3932 erogatum
1271 3862 1399 3929 est3
1440 3897 1455 3913 .
1497 3897 1513 3911 .
1554 3897 1570 3914 .
1621 3861 1682 3914 et
1710 3851 1761 3914 si
1792 3850 1856 3912 in
1888 3849 2055 3932 aegri
2085 3848 2250 3913 servi
2281 3846 2662 3911 curationem

478 3953 813 4038 impensum
845 3966 941 4019 est
968 3965 1107 4019 ante
1141 3956 1544 4034 traditionem,
1581 3968 1685 4021 aut
1714 3956 1768 4019 si
1798 3957 1938 4038 quid
1968 3956 2033 4018 in
2064 3953 2407 4036 disciplinas
2427 3998 2444 4029 ,
2500 3975 2661 4039 quas

481 4062 818 4125 verisimile
861 4072 1005 4125 erat
1046 4066 1230 4127 etiam
1276 4073 1567 4128 emtorem
1610 4063 1767 4127 velle
1810 4062 2120 4148 impendi,-
2172 4106 2187 4122 .
2229 4106 2244 4122 .
2285 4105 2301 4122 .
2337 4069 2399 4122 et
2428 4058 2485 4122 si
2520 4059 2662 4143 quid

627 4327 676 4392 1)
716 4330 812 4379 Die
853 4332 1015 4399 eulpa
1055 4332 1147 4381 des
1185 4330 1343 4383 Ro'm.
1383 4332 1594 4395 Rechts,
1646 4328 1783 4395 587.
1823 4346 1874 4397 p.
1904 4330 2023 4386 429.
2054 4328 2154 4379 und
2180 4328 2204 4395 §
2231 4327 2315 4380 90.
2342 4343 2396 4395 p.
2424 4327 2549 4383 462.
2595 4354 2662 4365 —

481 4412 540 4478 2)
574 4413 830 4479 Beier-lige
851 4432 955 4466 zur
983 4416 1206 4468 Theorie
1228 4433 1278 4468 υ.
1307 4418 1358 4468 d.
1387 4417 1563 4483 culpa,
1601 4431 1653 4482 p.
1685 4417 1802 4469 188.
