2782 5052
1169 303 1731 368 -8--.

530 494 564 576 5
608 491 674 555 4.
764 491 926 572 Ergo
957 489 1014 555 id
1047 489 1281 572 quidem
1314 490 1687 575 perspicuum
1717 500 1834 570 est,
1869 488 2347 571 controversiam
2372 493 2551 558 illam

360 600 522 662 inter
551 598 723 661 ICtos
769 617 949 681 saepe
996 596 1281 680 agitatam
1328 618 1466 662 esse
1510 599 1840 680 multasque
1869 598 1932 660 in
1963 609 2275 682 utramque
2307 611 2550 684 partem

359 706 782 790 disputantium
829 703 1412 770 turbasexstitisse.
1505 704 1665 785 Quos
1711 714 1941 768 tantum
1984 706 2154 768 abest
2204 716 2272 769 ut
2326 728 2547 772 omnes

361 831 704 876 enumerem
738 833 805 873 ac
836 812 1217 895 perlustrem,
1264 823 1330 875 ut
1361 834 1442 875 ex
1470 812 1905 876 recentioribus
1940 834 2044 876 eos
2076 813 2238 876 solos
2267 814 2548 878 breviter

359 918 668 1001 attingam,
704 917 803 999 qui
835 917 1127 1001 proprIam
1161 919 1443 983 disertius
1469 930 1879 1003 exposuerunt
1902 919 2282 982 sententiam.
2335 920 2543 998 Quare

357 1044 859 1088 commemorasse
892 1024 986 1085 bic
1017 1025 1299 1101 sufficiat,
1350 1036 1411 1087 et
1443 1026 1747 1110 Cujacium
1780 1037 1839 1089 et
1868 1025 2172 1111 Vultejum
2203 1027 2267 1089 in
2300 1038 2542 1089 contra·

356 1132 483 1196 rias
517 1131 848 1195 sententias
883 1131 1136 1193 diversis
1169 1151 1412 1214 operum
1445 1131 1596 1195 locis
1629 1151 1765 1195 esse
1792 1132 2112 1196 distractos
2132 1132 2211 1212 ¹),
2247 1131 2536 1210 Thibaut,

359 1248 537 1303 antea
594 1237 878 1301 strictiori
921 1237 1255 1301 sententiae
1303 1238 1561 1301 deditum
1606 1239 1668 1300 in
1715 1237 2060 1301 novissimis
2104 1238 2544 1305 pandectarum

360 1365 607 1408 suarum
650 1343 1005 1408 editionibus
1051 1344 1114 1406 in
1159 1345 1458 1407 contraria
1508 1344 1835 1408 descivisse
1879 1355 2077 1409 castra
2104 1341 2201 1428 2),
2261 1345 2540 1408 Miiblen-

357 1451 545 1514 bruch
594 1461 655 1515 et
698 1449 860 1534 Hepp
906 1449 1067 1513 inter
1108 1461 1420 1533 utramque
1463 1450 1756 1513 rationem
1799 1451 2089 1536 ancipites
2132 1452 2417 1515 fluctuare
2450 1446 2530 1534 ³),

357 1556 637 1622 Rosshirt
682 1568 744 1620 et
790 1557 862 1620 de
904 1557 1250 1641 Vangerow
1308 1559 1380 1620 de
1440 1557 1740 1622 communi
1799 1557 1997 1639 aliquo
2058 1557 2343 1641 principio
2390 1579 2536 1620 con-

358 1664 644 1727 struendo
704 1684 950 1747 prorsus
1012 1665 1365 1747 desperasse
1428 1663 1616 1728 videri
1646 1660 1729 1748 ⁴).
1819 1663 2302 1727 praetermittam
2357 1664 2535 1726 etiam

358 1769 600 1833 diversa
644 1769 1152 1832 conciliandarum
1193 1770 1354 1833 inter
1394 1791 1459 1835 se
1504 1771 1698 1854 legum
1729 1770 2239 1834 Justinianearum
2270 1770 2536 1859 pericula

360 1875 432 1938 ab
463 1876 968 1960 ingeniosissimis
1001 1877 1156 1940 ICtis
1185 1875 1451 1941 Antonio
1484 1877 1701 1954 Faber,
1735 1877 1993 1940 Merillio
2014 1875 2069 1962 ⁵)
2101 1876 2235 1942 aliis
2265 1878 2443 1941 facta.

533 2002 567 2083 §
613 1998 674 2063 5.
763 2000 1026 2063 Primum
1070 2001 1166 2064 hic
1213 2013 1274 2064 et
1315 2001 1531 2065 aetatis
1574 2013 1635 2065 et
1664 2001 2009 2084 diligentiae
2039 2002 2235 2064 locum
2265 2012 2430 2065 tenet
2462 2001 2536 2064 de

359 2107 655 2171 Wiichter
687 2107 964 2190 (Archiv
979 2106 1053 2190 f.
1089 2110 1345 2172 civilz'st.
1387 2109 1589 2172 Praoe.
1626 2109 1725 2172 Bd.
1760 2109 1899 2172 XV.
1933 2108 2051 2173 No.
2087 2107 2151 2171 6.
2186 2108 2332 2188 9.).
2362 2109 2562 2191 cujus*

359 2214 515 2277 haud
549 2215 789 2277 minima
820 2215 948 2297 laus
980 2224 1095 2291 est,
1132 2216 1309 2296 quod,
1359 2215 1577 2279 haecce
1608 2217 1861 2279 fontium
1890 2216 2221 2279 locutiones
2254 2215 2390 2296 quid
2421 2212 2534 2276 sibi

360 2319 582 2384 velint:
637 2319 834 2398 „mihi
861 2341 990 2383 rem
1023 2322 1241 2406 perire,
1288 2321 1361 2384 ad
1394 2342 1488 2385 me
1518 2323 1822 2406 respicere
1855 2323 2178 2406 periculum
2209 2319 2272 2382 in
2307 2320 2535 2405 obliga-

358 2426 547 2504 tione,
597 2448 692 2490 me
725 2447 1001 2490 securum
1034 2435 1223 2493 esse“
1272 2439 1332 2491 et
1364 2448 1515 2511 quae
1546 2438 1686 2492 sunt
1714 2429 1856 2503 alia,
1907 2428 2242 2492 luculenter
2272 2427 2537 2490 ostendit

357 2534 650 2617 simulque
681 2535 786 2598 illa
818 2535 974 2598 dicta
1020 2557 1275 2615 „casum
1308 2537 1535 2599 sentire
1568 2537 1923 2599 dominum“
1969 2546 2030 2598 et
2076 2536 2389 2618 „speciem
2433 2534 2536 2596 de-

358 2641 543 2705 bitam
577 2663 719 2706 casu
750 2642 949 2727 perire
982 2642 1060 2717 ei,
1099 2644 1192 2705 cui
1224 2642 1593 2719 debeatur“,
1630 2661 1865 2705 necnon
1904 2664 2034 2705 eam
2060 2641 2346 2724 regulam,
2382 2660 2535 2722 quae

362 2749 434 2811 de
481 2750 838 2832 exceptione
884 2770 1004 2811 non
1046 2750 1348 2833 adimpleti
1388 2760 1731 2812 contractus
1774 2748 2023 2833 proponi
2066 2748 2279 2823 soleat,
2331 2748 2404 2809 ad
2446 2747 2535 2808 di-

353 2854 732 2939 judicandam
778 2855 1183 2937 quaestionem
1233 2866 1499 2921 nostram
1549 2878 1667 2918 non
1708 2857 2033 2940 pertinere,
2083 2865 2248 2917 recte
2293 2856 2534 2917 demon-

361 2961 602 3024 stravit.
682 2959 853 3040 Quod
884 2972 1080 3025 tamen
1109 2962 1239 3046 ipsa
1271 2962 1582 3047 principia,
1620 2983 1769 3045 quae
1801 2961 2133 3045 quaestioni
2167 2961 2238 3023 de
2270 2959 2533 3043 periculo

500 3302 550 3363 1)
588 3300 769 3367 Cujac.
811 3303 863 3355 in
901 3310 1112 3355 tractat.
1155 3304 1218 3354 ad
1246 3303 1409 3355 Afric.
1455 3305 1548 3355 sub
1571 3303 1705 3356 VIII.
1746 3304 1810 3354 ad
1837 3304 1936 3368 leg.
1968 3303 2053 3354 33.
2082 3303 2199 3367 nig.
2227 3302 2382 3353 locati
2408 3308 2459 3352 et
2482 3301 2530 3351 in

358 3386 564 3438 recitat.
593 3387 643 3436 in
668 3388 787 3439 libr.
817 3387 886 3440 lV
910 3390 1068 3456 prior.
1098 3390 1224 3441 Cod.
1254 3390 1318 3440 ad
1343 3388 1431 3453 IV,
1460 3392 1525 3441 48
1552 3390 1699 3448 (edit.
1728 3389 1869 3440 Prat.
1900 3391 2087 3441 tom.9.
2119 3388 2340 3455 p.2556)
2368 3388 2535 3453 aequi-

358 3473 483 3522 tatis
510 3472 758 3522 rationem
785 3475 1010 3541 respicit,
1055 3477 1242 3527 ceteris
1266 3476 1395 3525 locis
1421 3476 1505 3540 (de
1532 3476 1714 3542 quibus
1740 3475 1809 3526 cf.
1847 3476 2011 3526 Arck.
2025 3476 2085 3541 s.
2115 3476 2254 3524 civil.
2284 3476 2376 3524 Pr.
2412 3472 2528 3536 XV,

357 3575 407 3625 p.
439 3559 556 3609 190.
584 3556 706 3609 Not.
735 3560 788 3620 3)
828 3558 877 3608 in
914 3560 1082 3625 rigore
1124 3561 1262 3626 juris
1311 3562 1490 3611 summi
1539 3561 1853 3627 acquiescit3
1890 3560 2129 3626 Vultejus
2168 3562 2217 3611 in
2245 3560 2433 3610 Comm.
2472 3559 2533 3607 ad

360 3643 487 3694 Inst.
520 3643 607 3708 111,
635 3646 722 3699 24.
750 3644 842 3694 sub
868 3643 965 3694 No.
998 3645 1081 3697 71.
1125 3647 1170 3696 ei
1207 3663 1261 3697 se
1300 3647 1518 3697 tradidit
1554 3646 1862 3710 sententiae,
1904 3663 2032 3713 quae
2062 3647 2159 3711 legi
2188 3646 2271 3697 33.
2303 3647 2391 3695 cit.
2422 3660 2533 3710 sup-

360 3729 529 3795 posita
551 3730 773 3793 videtur,
803 3730 854 3778 in
883 3729 1205 3797 „Jurisprud.
1238 3731 1506 3782 Romana“
1533 3749 1675 3796 vero,
1716 3732 1835 3784 libr.
1869 3731 1906 3782 1.
1936 3749 1983 3784 c.
2013 3734 2077 3784 35
2107 3732 2213 3796 (ed.
2243 3734 2294 3783 9.
2324 3730 2349 3796 §
2383 3731 2530 3794 1841)

361 3822 414 3864 et
439 3815 556 3865 libr.
579 3814 619 3866 1.
642 3831 751 3882 cap.
781 3816 841 3869 61
874 3815 957 3881 (§§
986 3817 1140 3868 3418.
1164 3818 1322 3883 3419)
1351 3819 1656 3869 contrariam
1683 3819 1911 3885 adoptat.
1937 3846 2008 3855 —
2041 3818 2098 3883 2)
2126 3817 2358 3885 system,
2384 3816 2528 3867 ed.8.

360 3900 388 3966 §
416 3901 537 3953 478.
565 3899 657 3952 111.
685 3902 736 3955 2.
767 3902 849 3965 B.‚
878 3902 960 3953 ed.
989 3903 1039 3954 9.
1071 3902 1098 3969 ξ
1124 3904 1246 3956 407.
1273 3932 1343 3941 —
1379 3904 1435 3967 3)
1463 3902 1939 3955 Miihlenbruch
1959 3942 1973 3968 ,
1999 3904 2196 3958 Lelu'b.
2226 3903 2317 3953 des
2342 3901 2534 3951 Pana.-

357 3984 574 4051 Rechts,
604 3988 694 4038 Bd.
725 3987 790 4040 11.
821 3986 849 4053 §
877 3989 996 4040 365.
1036 3988 1078 4038 Η
1096 4006 1242 4057 epp,
1269 3991 1371 4040 Die
1394 3992 1757 4054 Zureclmung
1779 3992 1852 4039 im
1884 3988 2091 4039 Gebiete
2117 3988 2167 4039 d.
2203 3986 2533 4039 Ciu-Rechts

362 4070 416 4120 S.
447 4072 507 4123 31
537 4088 612 4138 sq.
651 4101 722 4111 —
770 4075 824 4138 4)
863 4073 1208 4140 Rosshirt,
1250 4077 1516 4128 Zeitsclzr.
1552 4077 1612 4142 s.
1658 4077 1801 4127 Civ.-
1836 4093 1892 4126 u.
1940 4073 2299 4127 Crim.-Recht
2347 4073 2438 4123 Bd.
2469 4072 2530 4125 11.

361 4157 412 4207 S.
442 4156 544 4208 374
584 4172 660 4223 sq.
738 4159 807 4209 de
842 4158 1231 4226 Vangerow,
1285 4162 1573 4228 Leiegfaden
1613 4161 1705 4210 Bd.
1737 4160 1824 4211 111.
1869 4160 2042 4227 §591.
2097 4189 2167 4198 —
2214 4160 2269 4227 5)
2306 4159 2531 4225 Faber,

365 4242 674 4308 Conjwtnr.
706 4242 773 4308 II,
801 4246 853 4295 4.
926 4244 1288 4312 Merillius,
1333 4247 1607 4298 observat.
1638 4245 1724 4312 VI,
1753 4248 1805 4296 6.

502 4326 554 4393 1)
593 4327 786 4381 Lehrb.
816 4328 864 4395 §.
893 4330 993 4383 365
1016 4329 1136 4381 Not.
1165 4333 1214 4381 5.
