2782 5052
1223 308 1823 389 -÷-16—-

430 499 569 582 quia
611 498 781 581 plura
811 509 950 561 sunt
969 546 986 577 ,
1034 516 1185 579 quae
1216 496 1490 580 opposita
1523 496 2053 581 subintelliguntur
2082 504 2143 557 et
2174 494 2613 577 excluduntur)

431 626 647 670 sensus
689 605 852 667 inest
894 603 1185 667 formulae
1232 608 1474 667 nostrae
1519 601 1781 686 exempli
1826 601 2021 685 gratia
2049 603 2112 664 in
2143 602 2185 664 l.
2226 599 2326 664 19.
2366 599 2503 685 59.
2539 602 2611 666 D.

433 713 641 787 locati,
708 731 818 774 nec
858 710 1055 773 minus
1096 710 1164 783 in,
1203 710 1246 772 l.
1282 707 1389 772 23.
1441 711 1515 772 D.
1574 710 1647 772 de
1694 707 1767 771 Ο.
1820 720 1880 773 et
1918 707 1991 771 A.
2038 707 2185 791 (44,
2223 708 2328 789 7),
2378 709 2451 771 de
2502 730 2617 791 qua

429 816 691 899 W01ff1)
727 816 910 882 verba
941 817 1115 894 fecit,
1153 817 1328 880 latior
1358 837 1506 879 vero
1539 816 1783 896 (latiorz
1820 815 1956 897 quia
1988 836 2109 877 non
2140 816 2330 878 solum
2363 815 2618 898 impedi-

432 935 636 988 menta
667 945 746 988 ex
777 924 906 1006 ipsa
936 923 1223 986 debitoris
1256 942 1513 1006 persona
1541 920 1984 1006 proficiscentia
2004 967 2022 998 ,
2058 921 2163 984 sed
2196 919 2375 982 etiam
2411 920 2618 982 omnia

432 1032 662 1113 reliqua
694 1029 963 1112 exceptis
992 1029 1068 1092 iis
1089 1074 1106 1107 ,
1155 1049 1307 1111 quae
1339 1049 1421 1092 ex
1452 1028 1766 1091 creditoris
1798 1046 2056 1112 persona
2087 1016 2368 1089 emanant
2388 1071 2406 1102 ,
2453 1047 2621 1088 com-

435 1138 740 1223 plectitur)
786 1135 850 1197 in
895 1135 936 1197 l.
972 1131 1080 1198 23.
1117 1136 1149 1218 §
1186 1133 1244 1197 1.
1293 1137 1366 1197 D.
1416 1135 1504 1209 de
1534 1156 1631 1218 op.
1680 1134 1881 1199 libert.
1917 1130 2070 1214 (38,
2111 1132 2197 1214 1).
2271 1131 2404 1195 Nec
2447 1133 2622 1214 quid-

436 1265 610 1326 quam
642 1242 877 1318 obstat,
926 1240 1238 1323 quominus
1271 1241 1544 1304 latiorem
1578 1241 1698 1315 vim
1732 1239 2021 1304 formulae
2053 1249 2297 1301 nostrae
2328 1239 2393 1301 in
2424 1239 2469 1300 l.
2511 1236 2618 1302 38.

438 1349 542 1412 cit.
575 1348 982 1425 vindicemuS,
1034 1348 1120 1411 ita
1161 1358 1226 1410 ut
1270 1347 1599 1429 significet:
1636 1347 1689 1410 si
1735 1367 1845 1409 nec
1879 1365 1985 1429 per
2016 1366 2152 1409 eum
2173 1392 2190 1424 ,
2240 1364 2350 1423 nec
2383 1364 2495 1429 per
2526 1364 2624 1407 re-

436 1478 569 1520 rum
601 1465 873 1517 naturam
906 1454 1235 1538 (objective
1274 1453 1802 1538 Unmc'iglz'clzkez‘t)
1822 1499 1839 1530 ,
1884 1452 2001 1515 sed
2026 1473 2151 1536 per
2181 1452 2623 1515 conductorem

438 1562 709 1640 steterit,
755 1560 1071 1644 quominus
1116 1560 1402 1644 obligatio
1447 1560 1800 1643 impleatur,
1850 1558 2269 1641 obligationem
2308 1569 2620 1622 constare.

441 1668 553 1733 Cui
598 1688 709 1730 nec
740 1666 956 1750 opponi
987 1675 1215 1747 potest,
1264 1676 1386 1728 tum
1420 1666 1796 1730 scribendum
1826 1666 2012 1747 fuisse
2043 1687 2164 1729 non
2207 1665 2315 1742 „si
2346 1685 2454 1748 per
2486 1686 2624 1728 enm

439 1781 645 1851 non“,
682 1774 784 1836 sed
817 1773 1014 1854 potius
1061 1776 1176 1849 „si
1200 1795 1321 1836 non
1354 1793 1464 1858 per
1496 1781 1722 1851 eum“;
1773 1773 1992 1836 etenim
2025 1771 2086 1834 in
2119 1773 2162 1834 l.
2206 1770 2305 1835 ¹9.
2343 1774 2376 1855 ᾖ
2409 1771 2473 1834 9.
2514 1772 2619 1834 cit.

444 1880 651 1944 eadem
708 1877 1029 1941 verborum
1075 1879 1266 1942 series
1314 1880 1567 1963 legitur,
1631 1878 1900 1961 quamvis
1944 1878 2027 1940 ibi
2069 1879 2257 1962 ipsam
2300 1898 2625 1961 personam

443 1983 826 2050 conductoris
859 2004 1149 2068 expresse
1183 1986 1399 2068 opponi
1423 1985 1975 2050 manifestissimum
2008 1995 2120 2048 est.
2170 1985 2408 2048 Exinde
2441 1986 2483 2047 l.
2514 1983 2623 2050 38.

444 2093 548 2156 cit.
584 2092 733 2154 nihil
778 2090 939 2154 aliud
984 2090 1097 2154 sibi
1139 2091 1305 2168 vult,
1358 2113 1533 2174 quam
1578 2091 1726 2155 hoc:
1776 2093 1840 2155 Si
1884 2113 1992 2178 per
2020 2092 2224 2170 illum,
2274 2093 2370 2154 cui
2402 2111 2627 2176 operae

442 2199 675 2262 locatae
722 2207 898 2275 sunt,
948 2197 1148 2273 stetit,
1199 2198 1515 2279 quominus
1550 2199 1898 2282 obligationi
1929 2199 2215 2273 satisfiat,
2264 2218 2458 2281 neque
2490 2199 2627 2262 ideo

444 2327 552 2390 per
592 2305 915 2368 locatorem
961 2303 1165 2381 stetit,
1223 2305 1557 2367 mercedem
1601 2305 1655 2379 is
1699 2307 1914 2368 merito
1968 2314 2129 2390 petet
2169 2306 2268 2368 vel
2311 2305 2623 2369 retinebit.

398 2494 401 2499 Ι
447 2411 609 2491 Quae
666 2409 1180 2494 interpretationis
1233 2410 1387 2474 ratio
1437 2430 1508 2474 eo
1562 2412 1753 2496 magis
1795 2413 2097 2489 firmatur,
2160 2412 2312 2494 quod
2358 2413 2628 2496 ejusdem

449 2519 598 2602 legis
632 2519 664 2602 ξ
702 2513 836 2597 1.²)
883 2518 1086 2581 eadem
1135 2538 1316 2581 causa
1356 2518 1533 2581 valde
1577 2530 1820 2583 notatur
1854 2519 1962 2599 „si
1997 2543 2121 2605 per
2154 2542 2255 2581 eos
2285 2542 2408 2582 non
2440 2530 2628 2583 stete-

445 2627 578 2689 rit“
601 2672 618 2703 ,
653 2626 738 2687 ita
768 2634 835 2686 ut
865 2623 1433 2706 subintelligendum
1464 2625 1776 2689 videatur:
1828 2627 1933 2689 sed
1965 2647 2072 2710 per
2103 2646 2207 2689 eos
2240 2625 2472 2709 potiuS,
2530 2626 2631 2708 qui

448 2753 573 2794 rem
608 2731 928 2815 gerendam
972 2730 1275 2793 advocatis
1323 2733 1777 2795 mandaverant.
1842 2731 2222 2796 Contrarium
2255 2753 2460 2795 casum
2492 2753 2632 2816 pro-

450 2837 617 2921 ponit
645 2836 688 2898 l.
718 2834 816 2896 11.
854 2834 1000 2897 Cod.
1035 2835 1163 2917 (IV,
1186 2835 1253 2920 6)
1280 2863 1294 2899 :
1349 2835 1831 2915 „Advocationis
1857 2859 2032 2926 causa
2066 2838 2262 2902 datam
2283 2839 2626 2923 pecuniam,

452 2942 504 3007 si
536 2963 642 3025 per
672 2961 776 3004 eos
795 2987 810 3018 ,
847 2942 948 3023 qui
979 2954 1356 3026 acceperant,
1393 2944 1710 3025 quominus
1741 2957 2077 3029 susceptam
2105 2946 2284 3009 fidem
2315 2946 2626 3030 impleant,

450 3048 692 3113 stetisse
724 3047 1031 3130 probetur,
1059 3049 1485 3113 restituendam
1520 3070 1656 3113 esse
1687 3051 2047 3115 convenit“.
2093 3052 2278 3115 Vario
2299 3052 2475 3114 modo
2507 3052 2541 3133 §
2568 3050 2629 3111 1.

451 3155 570 3237 leg.
619 3151 724 3217 38.
771 3153 874 3217 cit.
927 3154 1411 3238 interpretandae
1463 3157 1790 3242 periculum
1843 3159 2062 3221 factum
2117 3168 2295 3241 atque
2337 3157 2633 3241 imprimis

452 3262 674 3324 dictum
722 3271 846 3324 est:
896 3262 1314 3345 exceptionem
1347 3264 1418 3325 de
1450 3265 1788 3342 advocatis,
1839 3264 2048 3347 quibus
2080 3266 2394 3342 faveatur,
2442 3274 2635 3328 statn-

452 3380 572 3432 tam
603 3388 761 3446 esse,
796 3367 879 3431 ita
908 3379 975 3432 ut
1005 3370 1393 3432 honorarium
1423 3381 1626 3454 petere
1656 3370 1755 3435 vel
1784 3371 2050 3435 retinere
2080 3371 2155 3434 iis
2190 3371 2386 3448 liceat,
2430 3372 2638 3453 quale-

453 3496 686 3558 cunque
729 3476 1211 3558 impedimentum
1255 3478 1384 3539 sine
1433 3497 1640 3539 eorum
1688 3477 1860 3561 culpa
1904 3477 2254 3560 obligationi
2298 3475 2637 3560 implendae

455 3582 673 3647 obstet.
737 3580 796 3645 N
799 3583 959 3664 egari
999 3601 1146 3644 sane
1178 3604 1297 3645 non
1327 3594 1561 3665 potest,
1608 3584 1916 3648 advocatis
1947 3584 2134 3648 multa
2163 3583 2467 3667 impertita
2498 3602 2637 3647 esse

444 3690 588 3773 jure
618 3688 884 3752 Romano
916 3686 1269 3771 privilegia3
1318 3710 1429 3752 nec
1460 3700 1659 3754 tamen
1691 3691 1802 3754 hoc
1833 3691 1966 3753 loco
1997 3690 2081 3753 ita
2112 3710 2247 3754 esse
2269 3736 2285 3766 ‚
2325 3710 2405 3753 ex
2437 3710 2511 3752 ea
2542 3711 2641 3752 ra-

456 3796 643 3872 tione,
682 3816 796 3877 qua
827 3795 859 3877 §
897 3792 957 3855 1.
993 3794 1090 3858 cit.
1115 3795 1405 3880 principio
1438 3797 1613 3882 hujus
1646 3798 1795 3881 legis
1829 3818 2068 3861 annexa
2100 3808 2215 3875 est,
2247 3797 2634 3875 concludam3

460 3900 802 3981 „Advocati
864 3908 1195 3984 quoque“,
1241 3903 1441 3989 pergit
1480 3887 1699 3968 Paulus
1726 3950 1743 3981 ,
1789 3904 1990 3986 itaque
2037 3903 2285 3967 eandem
2337 3903 2639 3980 rationem

455 4008 809 4093 posterioris
843 4028 978 4073 csse
1009 4011 1364 4088 sanctioniS,
1401 4030 1553 4093 quae
1584 3993 1803 4095 prioris
1835 4012 1937 4088 sit,
1972 4010 2284 4092 utriusque
2315 4009 2472 4073 idem
2504 4012 2640 4072 filn-

599 4249 651 4314 1)
691 4250 728 4299 l.
757 4266 803 4300 c.
833 4268 882 4317 p.
913 4254 996 4303 51.
1029 4253 1114 4303 60.
1156 4282 1225 4291 -
1262 4254 1318 4317 2)
1348 4252 1641 4316 „Advocati
1667 4269 1883 4319 quoqne,
1937 4252 1981 4303 si
2021 4268 2112 4317 per
2146 4268 2233 4303 eos
2271 4268 2368 4301 non
2407 4251 2633 4314 steterit,

457 4339 722 4406 quominus
748 4355 951 4392 causam
978 4350 1153 4408 agant,
1181 4343 1454 4393 honoraria
1479 4343 1691 4394 reddere
1718 4358 1816 4393 non
1844 4342 2094 4394 debent.“
