2782 5052
955 337 1560 400 ———'-15———-

162 523 543 587 ficiscendum
575 525 835 588 conditio
866 526 1153 609 temporis
1185 526 1287 588 vel
1308 526 1665 590 valetudinis
1691 526 2109 609 impedimento
2136 530 2338 605 fuerit,

161 631 478 712 quominus
511 632 1015 714 proficiscereris:
1053 653 1130 694 an
1162 633 1390 696 cundici
1424 633 1649 715 possit,
1694 632 2038 696 videndum.
2102 636 2179 697 Et
2210 657 2340 698 cum

159 756 269 819 per
302 748 360 799 te
391 758 510 800 non
542 737 818 814 steterit,
858 749 1076 822 potest
1103 738 1263 815 dici,
1296 739 1714 822 repetitionem
1748 759 2025 803 cessare:
2074 742 2180 803 sed
2211 763 2341 805 cum

159 843 341 906 liceat
371 843 681 927 poenitere
713 844 805 920 ei,
860 846 957 926 qui
991 845 1186 921 dedit,
1230 845 1470 929 procul
1495 844 1679 908 dnbio
1713 855 2019 929 repetetur
2048 846 2141 922 id,
2190 847 2342 929 quod

158 949 358 1011 datum
404 957 578 1013 est“.
645 951 844 1013 Primo
876 972 997 1013 non
1030 961 1122 1013 est
1150 950 1741 1034 praetermittendum
1765 997 1782 1028 ,
1835 951 1907 1014 ab
1940 952 2190 1035 Ulpiano
2224 975 2341 1016 non

157 1057 405 1120 omnino
450 1057 765 1135 contendi,
810 1056 1225 1141 repetitionem
1258 1076 1538 1134 cessare,
1585 1056 1691 1122 sed
1726 1080 1915 1142 posse
1946 1057 2063 1121 dici
2093 1059 2336 1137 statuit3

157 1164 503 1227 absolutum
537 1163 827 1248 judicium
857 1164 921 1225 in
951 1182 1241 1245 suspenso
1272 1163 1596 1245 relinquit,
1647 1185 1823 1245 quum
1857 1163 1976 1227 alia
2007 1175 2211 1229 exstet
2241 1166 2339 1228 de-

159 1270 396 1332 cidendi
439 1270 594 1332 ratio
644 1270 966 1351 eademque
1012 1269 1349 1332 firmissima
1394 1279 1455 1331 et
1496 1268 1868 1347 clarissima3
1919 1271 2128 1352 procul
2164 1271 2339 1335 dubio

158 1376 315 1438 enim
349 1376 531 1439 licere
562 1386 873 1459 repetere,
910 1397 1042 1436 cum
1074 1374 1398 1457 poeniteat.
1464 1376 1692 1438 Deinde
1722 1375 2333 1453 animadvertendum,

160 1483 235 1544 de
265 1483 576 1546 locationis
607 1481 884 1565 exemplo
917 1480 1027 1543 hoc
1057 1481 1188 1544 loco
1221 1501 1557 1544 sermonem
1592 1482 1835 1543 omnino
1867 1503 1987 1545 non
2020 1504 2188 1561 esse,
2234 1487 2339 1548 sed

162 1590 234 1651 de
265 1599 576 1652 contractu
605 1589 979 1651 innominata
1011 1588 1299 1669 quodam,
1345 1587 1445 1670 qui
1479 1588 1553 1650 ad
1584 1589 1843 1651 mandati
1878 1590 2217 1672 exemplum
2253 1590 2341 1652 di-

151 1696 515 1780 judicandus
559 1705 689 1773 est3
738 1693 1077 1756 mandatum
1120 1703 1318 1757 autem
1349 1715 1471 1757 non
1504 1705 1597 1758 est
1625 1695 1783 1758 inter
1816 1695 2210 1772 „bilaterales
2242 1716 2341 1759 ae-

161 1803 422 1885 quales“
460 1810 800 1863 contractus
833 1801 1286 1877 numerandum,
1318 1800 1551 1863 etiamsi
1585 1801 1741 1864 sorte
1772 1800 2178 1866 remuneratio
2203 1823 2340 1886 pro-

160 1910 349 1972 missa
381 1909 593 1971 datave
625 1919 737 1970 cst.

331 2014 403 2095 2)
445 2014 715 2078 Transeo
747 2014 819 2076 ad
854 2013 895 2075 l.
936 2013 1037 2076 19.
1076 2016 1107 2096 ξ
1138 2014 1201 2078 9.
1252 2014 1325 2075 D.
1363 2015 1564 2092 locati,
1603 2037 1736 2096 qua,
1775 2037 1907 2079 cum
1938 2027 2181 2100 propter
2212 2017 2339 2081 obi-

160 2133 286 2187 tum
320 2120 699 2184 conductoris
721 2167 737 2197 ,
785 2120 1094 2202 quominus
1126 2130 1389 2204 praestet
1421 2121 1478 2183 ei
1508 2122 1738 2185 locator
1768 2144 1982 2206 operas
2002 2169 2018 2199 ,
2053 2123 2340 2207 impedia-

160 2242 296 2308 tur,
342 2228 675 2292 mercedem
709 2237 875 2290 recte
903 2228 1021 2310 peti
1053 2247 1263 2309 posse,
1311 2227 1599 2310 Ulpianus
1629 2230 1975 2312 respondet.
2041 2228 2203 2308 Quae
2235 2231 2340 2293 lex

161 2358 282 2400 non
315 2335 557 2399 omnino
589 2333 763 2395 fidem
799 2342 1143 2409 contractus
1176 2355 1212 2395 a
1243 2334 1609 2396 conductore
1639 2334 1875 2418 impleri
1907 2334 2084 2411 dicit,
2128 2335 2233 2398 sed
2266 2336 2338 2398 de
2402 2390 2407 2395 .

158 2464 232 2506 eo
265 2453 494 2505 tantum
529 2459 671 2502 casu
694 2437 948 2522 judicat,
988 2438 1040 2501 si
1070 2439 1129 2500 in
1166 2437 1352 2521 ipsius
1385 2438 1758 2504 conductoris
1791 2461 2071 2523 persona,
2107 2441 2178 2503 ab
2211 2443 2338 2526 ejus

157 2561 334 2635 parte
362 2548 845 2633 impedimentum
898 2544 1232 2628 implendae
1265 2544 1643 2629 obligationis
1678 2546 1925 2609 existat.
1987 2546 2198 2630 Neque
2228 2547 2340 2630 igi-

157 2668 262 2720 tur
306 2657 469 2719 aliud
515 2652 831 2737 quidquam
877 2652 1124 2728 statuit,
1174 2672 1347 2733 quam
1395 2652 1549 2734 quod
1583 2652 1654 2714 de
1684 2672 1892 2715 rerum
1924 2653 2220 2717 locatione
2253 2656 2339 2717 di·

158 2764 411 2828 cendum
444 2780 581 2825 esse
612 2780 793 2843 supra
822 2797 907 2805 —-
938 2760 1016 2821 cf.
1054 2757 1088 2842 ς
1122 2754 1225 2820 10.
1262 2757 1305 2819 i.
1344 2759 1385 2819 f.
1421 2794 1507 2806 —-
1538 2758 1941 2841 probavimus.

334 2865 402 2946 3)
451 2867 610 2929 Idem
655 2867 818 2929 valet
859 2866 932 2928 de
975 2865 1013 2926 l.
1052 2862 1153 2927 19.
1190 2867 1224 2947 §¹
1263 2862 1360 2927 10.
1410 2866 1583 2942 eod.,
1633 2885 1785 2948 quae
1829 2866 2004 2944 dicit,
2054 2868 2336 2932 salarium

159 2973 478 3038 comitibus
511 2974 689 3056 legati
721 2971 998 3036 Caesaris
1031 2971 1487 3055 praestandum,
1535 2973 1585 3036 si
1618 2974 1734 3038 iste
1764 2985 1900 3037 ante
1931 2974 2162 3037 finitum
2196 2997 2337 3038 con-

158 3091 389 3144 tractus
423 3090 652 3163 tempus
686 3099 1021 3177 supremum
1057 3078 1210 3140 diem
1244 3079 1484 3142 obierit.

332 3187 403 3267 4)
450 3187 519 3250 L.
559 3185 658 3248 15.
706 3208 797 3269 pr.
845 3187 917 3247 D.
979 3185 1050 3247 de
1096 3206 1193 3267 op.
1248 3183 1447 3247 libert.
1500 3183 1648 3264 (38,
1702 3184 1766 3266 1)
1810 3186 1885 3247 ad
1929 3188 2336 3268 quaestionem

159 3301 426 3353 nostram
477 3293 717 3355 omnino
763 3313 884 3353 non
913 3291 1207 3374 pertinet,
1255 3290 1393 3370 quia
1424 3289 1495 3350 de
1528 3308 1842 3370 operarum
1874 3290 2236 3373 obligatione
2268 3293 2336 3356 li-

157 3397 316 3461 berti
347 3398 688 3461 valetudine
717 3395 1019 3479 impediti,
1067 3413 1178 3456 nec
1211 3411 1356 3455 vero
1390 3393 1463 3453 de
1494 3404 1699 3455 mutuo
1731 3404 2074 3471 contractu,
2122 3416 2233 3459 nec
2265 3399 2336 3459 de

160 3503 544 3587 obligationis
575 3501 841 3587 periculo
873 3501 1091 3584 agitur.

335 3611 369 3693 ς
420 3606 522 3670 13.
617 3606 688 3692 5)
735 3607 800 3669 In
843 3608 883 3671 1.
931 3606 1036 3671 38.
1086 3608 1261 3671 locati
1307 3608 1527 3671 Paulus
1584 3607 1717 3672 sine
1775 3610 2337 3673 commemoratione

161 3716 383 3802 singuli
415 3736 589 3780 casus
622 3715 936 3801 suppositi,
969 3715 1225 3780 formula
1255 3715 1506 3797 quadam
1537 3716 1806 3801 generali
1835 3726 2011 3779 utens
2043 3717 2214 3780 dicit:
2250 3719 2337 3780 lo-

163 3834 466 3900 catorem,
513 3826 577 3886 si
604 3844 729 3907 per
774 3845 906 3886 eum
950 3846 1071 3887 non
1117 3822 1393 3899 steterit,
1440 3822 1755 3904 quominus
1798 3842 2014 3906 operas
2046 3834 2332 3908 praestet,

162 3929 498 3992 mercedem
544 3930 818 4013 accipere
860 3929 1098 3994 debere.
1165 3929 1293 4009 Quo
1343 3928 1578 3992 dicendi
1621 3948 1844 4012 genere
1889 3949 2051 4012 „per
2081 3929 2335 4012 aliquem

163 4058 282 4099 non
328 4045 542 4100 stare“
592 4039 766 4101 modo
815 4037 1297 4121 impedimentum
1328 4057 1448 4099 non
1480 4036 1539 4097 in
1574 4055 1831 4118 persona
1864 4035 2148 4099 debitoris
2177 4037 2336 4099 verti

162 4146 276 4231 (ita
323 4155 387 4206 ut
428 4155 790 4228 opponatur:
840 4147 946 4208 sed
990 4145 1054 4207 in
1096 4164 1298 4207 rerum
1346 4153 1558 4204 natura
1589 4152 1880 4219 externa,
1933 4143 2030 4205 vel
2062 4142 2240 4206 etiam
2273 4143 2336 4206 in

160 4252 291 4335 ipsa
336 4251 651 4314 creditoris
694 4254 1018 4335 persona),
1068 4251 1242 4313 modo
1287 4248 1772 4332 impedimentum
1818 4248 2056 4312 nonnisi
2102 4250 2163 4313 in
2207 4250 2335 4334 ipsa

161 4378 419 4442 persona
480 4359 792 4422 creditoris
852 4358 1007 4422 verti
1068 4358 1461 4441 significatur.
1548 4355 1655 4419 Ille
1697 4353 1961 4419 strictior
2005 4357 2330 4439 (strictiora
