2782 5052
982 382 1571 451 *25—

177 592 371 636 causa
413 591 480 636 se
523 572 770 656 obliget.
865 571 1032 651 Quod
1078 573 1150 635 ad
1204 573 1563 638 evictionem
1607 571 1907 636 venditori
1953 575 2367 657 praestandam

179 681 425 756 attinet,
461 680 619 744 infra
648 682 779 765 ejus
805 680 1029 742 mentio
1054 672 1329 743 facienda¹
1352 680 1502 757 erit3
1541 700 1698 741 nunc
1727 700 1876 743 vero
1909 680 2046 762 quid
2076 681 2191 744 sibi
2219 683 2369 746 velit

179 787 442 849 officium
473 786 805 850 venditoris
834 786 927 848 rei
957 786 1233 849 venditae
1266 785 1481 850 emtori
1511 786 1861 864 tradendae,
1896 787 2238 850 videndum.

361 892 425 956 Id
458 893 692 975 quidem
724 892 935 975 negari
967 914 1087 955 non
1119 904 1335 977 potest,
1383 892 1718 956 venditoris
1751 913 1910 967 esse,
1958 894 2174 956 emtori
2202 904 2370 978 pote-

181 1009 408 1062 statem
441 999 654 1063 mercis
688 999 1132 1083 possessionem
1163 999 1530 1084 adipiscendi
1561 1000 1781 1076 facere,
1820 1010 2022 1063 tamen
2045 1000 2371 1084 principale

183 1105 469 1168 emtionis
513 1115 878 1169 momentum
925 1125 1046 1167 non
1078 1115 1219 1188 puto
1249 1105 1314 1168 in
1348 1106 1667 1169 traditione
1700 1117 1892 1170 emtae
1922 1107 2013 1170 rei
2043 1106 2371 1189 repositum

186 1232 352 1288 esse,
389 1233 521 1275 cum
554 1211 719 1274 multi
750 1233 895 1275 sane
930 1210 1186 1293 cogitari
1219 1221 1473 1294 possunt
1504 1233 1703 1292 casus,
1751 1213 1848 1276 uhi
1882 1214 2128 1276 emtoris
2159 1212 2371 1276 volun-

188 1330 287 1382 tas
323 1319 488 1381 nulla
518 1316 759 1381 omnino
794 1326 908 1393 est,
960 1308 1409 1399 possessionem
1442 1319 1797 1395 naturalem,
1833 1318 2242 1382 detentionem
2272 1340 2372 1381 ac-

188 1425 490 1509 quirendi,
524 1445 586 1488 v.
621 1445 676 1486 c.
713 1423 766 1486 si
799 1423 1115 1487 consilium
1147 1433 1263 1501 est,
1299 1444 1426 1486 rem
1459 1436 1676 1488 emtam
1708 1425 1885 1487 tertio
1917 1426 2237 1502 vendendi,
2272 1423 2372 1506 qui

190 1551 326 1594 eam
370 1553 405 1594 a
448 1532 648 1614 priore
687 1531 1006 1594 venditore
1049 1532 1248 1595 statim
1291 1532 1565 1614 accipiat,
1627 1541 1729 1593 aut
1761 1551 1891 1594 eam
1922 1530 2038 1613 ipsi
2072 1530 2372 1594 venditori

189 1637 450 1715 locandi,
501 1646 562 1699 et
606 1636 991 1699 nihilominus
1041 1637 1305 1702 dicemus
1349 1639 1670 1701 emtionem
1713 1637 2120 1700 venditionem
2166 1635 2372 1718 imple-

190 1755 313 1806 tam
349 1753 409 1806 et
438 1743 512 1805 ad
543 1742 820 1806 effectum
851 1744 1195 1827 perductam
1229 1763 1388 1808 esse.
1482 1742 1646 1822 Quod
1691 1752 1890 1806 autem
1934 1742 2112 1805 alicui
2156 1763 2372 1805 causae

188 1868 374 1933 saepe
407 1847 626 1925 deficit,
661 1850 791 1933 ejus
823 1871 1035 1914 causae
1067 1871 1188 1913 non
1222 1860 1315 1912 est
1344 1849 1587 1933 propria
1619 1859 1793 1934 atque
1818 1849 2166 1913 necessaria
2187 1847 2369 1927 ratio,

190 1977 317 2019 non
350 1966 444 2018 est
475 1955 793 2018 essentiale
826 1957 955 2040 ejus
986 1967 1372 2018 momentum.
1467 1955 1658 2018 Aliter
1700 1956 1765 2019 in
1810 1956 2106 2019 locatione
2150 1956 2374 2018 condu-

189 2062 398 2125 ctione
427 2082 527 2124 res
559 2081 692 2125 sese
725 2061 938 2140 habet3
976 2063 1107 2147 ejus
1140 2062 1298 2125 enim
1330 2061 1650 2147 peculiaris
1679 2064 1836 2126 ratio
1867 2063 1931 2126 in
1964 2084 2035 2126 eo
2068 2062 2347 2126 consistit

188 2180 262 2232 ut
306 2168 635 2231 conductor
673 2188 742 2230 re
787 2168 917 2251 ipsa
959 2178 1186 2247 utatur,
1232 2180 1293 2232 et
1335 2168 1401 2232 in
1434 2191 1569 2233 eum
1601 2170 1777 2232 finem
1811 2191 1939 2232 eam
1974 2170 2237 2233 detineat
2268 2191 2374 2232 ne-

189 2295 367 2337 cesse
409 2285 524 2353 est,
575 2275 712 2358 quia
752 2274 885 2338 sine
916 2275 1299 2358 possessione
1333 2277 1630 2359 corporali
1661 2297 1804 2338 usus
1837 2275 2091 2359 cogitari
2123 2275 2368 2357 nequit3

189 2392 374 2463 atque
421 2380 475 2443 si
520 2381 848 2444 conductor
891 2402 1020 2443 rem
1064 2383 1412 2449 conductam
1456 2381 1569 2443 sibi
1612 2381 1956 2444 tradendam
2000 2402 2121 2444 non
2176 2391 2369 2458 curat,

190 2505 307 2550 nec
348 2508 422 2550 ea
466 2487 706 2551 omnino
751 2489 964 2568 utitur,
1014 2499 1384 2554 contractum
1428 2509 1546 2551 non
1579 2486 1654 2551 ad
1686 2486 1960 2551 effectum
1993 2488 2368 2572 perductum,

189 2615 317 2656 non
347 2593 650 2677 impletum
682 2616 819 2661 esse
851 2597 1135 2661 dicemus,

370 2701 522 2765 Sunt
554 2705 833 2780 fortasse,
873 2703 973 2785 qui
1006 2702 1150 2765 mihi
1183 2713 1504 2787 opponant,
1540 2704 1758 2767 multas
1789 2699 2054 2765 inveniri
2086 2700 2274 2782 legeS,
2310 2698 2374 2761 in

192 2808 409 2891 quibus
441 2809 682 2872 disertis
708 2808 908 2873 verbis
937 2808 1156 2872 dictum
1179 2810 1281 2887 sit,
1317 2809 1650 2873 venditoris
1678 2830 1837 2887 esse,
1872 2828 2133 2872 mercem
2157 2806 2373 2871 emtori

192 2915 453 2978 tradere.
544 2915 633 2977 Ita
677 2936 824 2980 sane
864 2916 926 2979 in
970 2916 1012 2979 l.
1053 2914 1154 2979 11.
1193 2917 1319 3001 §2-
1357 2917 1430 2980 D.
1466 2915 1599 2999 (19,
1641 2917 1706 3000 1)
1754 2918 2040 3002 scriptum
2084 2917 2369 2998 legimus:

195 3018 330 3095 „Et
358 3019 645 3103 imprimis
677 3021 865 3106 ipsam
895 3044 1022 3087 rem
1058 3034 1364 3107 praestare
1396 3024 1768 3088 venditorem
1802 3034 2059 3107 oportet,
2101 3023 2160 3086 id
2194 3033 2287 3084 est
2318 3021 2376 3083 ei

192 3126 521 3204 tradere“,
576 3127 639 3190 in
684 3129 726 3191 l.
767 3127 825 3191 1.
877 3152 969 3213 pr.
1006 3130 1078 3191 D.
1117 3131 1188 3192 de
1218 3150 1346 3192 rer.
1380 3140 1639 3214 permut.
1677 3131 1812 3212 (19,
1848 3131 1954 3213 4)=
2008 3127 2377 3207 „Venditori

193 3231 433 3309 sufficit,
499 3234 571 3296 oh
620 3235 978 3298 evictionem
1026 3254 1093 3296 se
1139 3234 1430 3314 obligare,
1497 3236 1939 3316 possessionem
1982 3234 2248 3309 tradere,
2314 3242 2376 3295 et

195 3339 445 3421 purgari
476 3341 609 3402 dolo
643 3342 877 3416 malo“,
926 3341 992 3400 ¹in
1025 3341 1057 3420 5
1088 3336 1153 3400 2.
1190 3337 1237 3399 Ι.
1274 3339 1347 3400 de
1379 3338 1581 3400 donat.
1618 3336 1710 3417 (2,
1749 3337 1850 3417 7):
1905 3340 2033 3413 „Et
2065 3339 2138 3400 ad
2170 3357 2378 3400 exem-

197 3442 359 3526 plum
406 3444 774 3507 venditionis
816 3454 1026 3505 nostra
1058 3441 1424 3504 Constitutio
1472 3463 1573 3505 eas
1620 3442 1781 3521 (scil.
1820 3441 2174 3504 donationes
2218 3442 2378 3504 inter

193 3550 399 3631 vivos)
448 3551 625 3610 etiam
671 3549 734 3610 in
779 3568 845 3612 se
891 3549 1109 3610 habere
1151 3549 1575 3612 necessitatem
1635 3547 1975 3613 traditionis
2034 3548 2258 3612 voluit:
2311 3558 2379 3611 ut

195 3652 436 3719 etiamsi
467 3675 587 3716 non
621 3655 951 3733 tradantur,
988 3654 1245 3718 habeant
1275 3655 1684 3738 plenissimum
1717 3667 1778 3720 et
1807 3660 2132 3742 perfectum
2164 3654 2371 3731 robur,

198 3771 260 3823 et
304 3760 644 3824 traditionis
690 3763 1020 3826 necessitas
1064 3761 1364 3825 incumbat
1414 3764 1772 3829 donatori.“
1864 3763 1978 3826 Sed
2039 3762 2373 3832 videamuS‚

199 3868 491 3948 quomodo
536 3868 888 3932 vocabulum
938 3868 1275 3933 traditionis
1324 3868 1420 3933 hic
1464 3870 1544 3933 sit
1588 3870 2030 3954 accipiendum:
2082 3869 2236 3950 quod
2267 3887 2376 3930 nos

200 3972 485 4055 Ulpianus
526 3974 592 4037 in
638 3975 678 4037 l.
720 3974 823 4038 11.
873 3977 904 4058 ἓ
941 3975 1042 4039 13.
1079 3977 1152 4040 D.
1189 3977 1260 4039 de
1294 3988 1410 4039 act.
1449 3977 1587 4039 emti
1622 3977 1827 4040 docet:
1883 3975 2220 4055 „Neratius
2252 3974 2370 4038 ait:

198 4079 572 4142 venditorem
603 4080 667 4144 in
697 4101 766 4144 re
798 4083 1086 4145 tradenda
1115 4083 1331 4145 debere
1364 4092 1674 4164 praestare
1706 4083 1942 4162 emtori,
1978 4094 2046 4146 ut
2074 4083 2134 4145 in
2167 4083 2270 4145 lit'e
2302 4083 2376 4145 de

198 4187 582 4269 possessione
614 4187 810 4271 potior
840 4187 941 4264 sit,
978 4189 1082 4251 sed
1112 4188 1384 4252 Julianus
1418 4187 1648 4271 probat,
1685 4211 1798 4251 nec
1818 4190 2026 4252 videri
2046 4189 2370 4266 traditum,

200 4293 254 4355 si
298 4294 574 4377 superior
612 4294 675 4356 in
714 4294 1099 4377 possessione
1131 4305 1325 4358 emtor
1353 4295 1593 4360 futurus
1623 4315 1744 4356 non
1774 4296 1888 4375 sit3
1937 4295 2052 4359 erit
2080 4296 2264 4380 igitur
2294 4316 2376 4359 ex

203 4408 361 4460 emto
394 4399 574 4477 actio,
609 4399 728 4465 nisi
761 4400 873 4463 hoc
904 4406 1320 4485 praestem-⁴⁶.
1371 4400 1695 4465 Praeterea
1725 4403 2088 4469 conferenda
2120 4414 2213 4468 est
2241 4404 2284 4465 l.
2309 4401 2371 4466 3.
