2782 5052
1007 357 1611 422 *43*

214 569 347 610 rum
380 565 553 610 esse:
611 566 762 628 quae
791 545 1147 630 permutatio
1181 545 1618 630 (Austausch)
1652 544 1897 608 duarum
1930 547 2396 630 praestationum

216 653 569 737 principium
602 663 1013 716 contractuum
1044 663 1403 729 mutuorum,
1439 673 1667 716 summa
1697 671 1901 714 eorum
1934 652 2038 714 lex
2068 673 2204 719 esse
2234 654 2401 718 vide—

219 771 317 822 tur
344 759 479 847 (die
506 760 725 825 Nalm·
767 761 942 823 einer
965 759 1165 843 jeden
1194 759 1506 843 Leistung
1548 760 1647 822 als
1675 759 2106 843 Aeqm’valent
2145 758 2259 823 der
2287 782 2401 824 an-

219 867 481 949 deren),
515 876 579 928 et
605 865 785 929 tacita
817 876 913 928 est
940 864 1224 943 condi-tio,
1259 876 1326 928 ut
1355 866 1548 929 altera
1578 864 1985 947 praestatione
2018 857 2206 928 altera
2239 887 2402 929 com-

218 983 524 1056 pensetur.
590 970 781 1051 Quum
813 972 946 1054 quis
980 992 1085 1056 spe
1116 973 1326 1037 ductus
1349 1019 1366 1050 ,
1403 972 1654 1035 alterum
1686 971 2188 1034 remunerationis
2220 993 2401 1036 causa

221 1077 360 1160 quid
390 1088 556 1141 retro
589 1077 945 1141 donaturum
977 1099 1146 1158 esse,
1197 1080 1564 1143 commodum
1598 1078 1660 1140 in
1691 1077 1844 1140 hunc
1873 1078 2225 1156 contulerit,
2261 1100 2400 1161 spes

221 1203 293 1247 ea
324 1183 476 1246 nihil
504 1194 598 1247 est
629 1184 746 1248 nisi
777 1185 1051 1248 stimulus
1084 1196 1145 1247 et
1175 1206 1357 1248 causa
1386 1184 1637 1270 agendi,
1673 1183 1804 1247 scil.
1841 1183 2135 1261 donandi,
2170 1205 2281 1247 nec
2314 1194 2403 1248 ta-

221 1309 359 1352 men
393 1289 654 1353 conditio
685 1290 990 1354 donationi
1022 1287 1352 1376 adjecta²);
1386 1312 1499 1354 nec
1523 1273 1680 1375 juris
1711 1289 2012 1353 vinculum
2038 1290 2198 1353 inter
2222 1291 2405 1353 dona-

221 1396 444 1459 tionem
474 1395 833 1479 impertitam
865 1408 926 1460 et
947 1409 1250 1483 speratum
1276 1395 1779 1460 remunerationis
1804 1396 2131 1479 praemium
2157 1396 2405 1480 agnosci

223 1513 444 1585 potest.
509 1501 887 1567 Contrariam
926 1525 1075 1568 vero
1118 1504 1304 1567 mutui
1335 1512 1676 1566 contractus
1709 1522 1846 1565 esse
1879 1513 2155 1567 naturam
2170 1499 2263 1584 ³),
2310 1504 2406 1566 in-

224 1609 469 1672 tellectu
501 1628 782 1693 perquam
813 1610 1079 1694 proclive
1110 1621 1227 1674 est.

397 1717 431 1799 ἓ
477 1713 583 1778 36.
678 1716 976 1779 Habemus
1010 1718 1188 1780 etiam
1233 1715 1462 1802 legem,
1525 1735 1680 1798 quae
1740 1715 2092 1799 principium
2136 1727 2406 1780 nostrum

226 1821 375 1886 satis
437 1834 641 1907 aperte
686 1823 939 1906 probare
978 1798 1252 1902 videtui-3
1301 1823 1363 1885 in
1410 1823 1451 1886 1.
1490 1821 1594 1885 11.
1646 1820 1813 1900 §18.
1862 1822 1936 1885 D.
1984 1822 2055 1885 de
2098 1833 2215 1885 act.
2266 1822 2407 1885 emti

229 1926 375 2011 (19,
415 1927 479 2009 1)
514 1930 798 2012 Ulpianus
831 1930 1176 2012 quaestione
1208 1929 1509 2014 proposita
1531 1975 1548 2007 ,
1582 1927 1637 1991 is
1669 1929 1767 2011 qui
1799 1928 2017 1992 habere
2048 1928 2231 1992 licere
2260 1949 2410 1992 ven-

228 2035 448 2097 diderit
474 2055 628 2113 rem,
664 2037 798 2119 quid
830 2046 1138 2121 praestare
1171 2034 1403 2113 debeat,
1441 2036 1651 2103 docet:
1706 2045 1822 2114 „et
1852 2036 1905 2098 si
1935 2046 2140 2118 aperte
2170 2035 2233 2098 in
2262 2054 2410 2099 ven-

229 2141 455 2205 ditione
495 2143 1061 2223 comprehendatur,
1113 2142 1263 2205 nihil
1304 2142 1623 2206 evictionis
1656 2142 1897 2206 nomine
1928 2142 2274 2225 praestitum
2305 2141 2407 2218 iri,

225 2247 485 2331 pretium
516 2249 745 2330 quidem
779 2248 981 2311 deberi
1013 2269 1080 2312 re
1113 2248 1305 2312 evicta
1338 2248 1683 2328 (utilitatem
1717 2270 1837 2311 non
1871 2247 2128 2328 deberi).
2188 2245 2411 2330 Neque

227 2357 387 2417 enim
420 2354 796 2440 bonaefidei
821 2365 1180 2418 contractus
1210 2357 1581 2437 (contractus
1604 2354 1933 2418 bilateralis
1953 2355 2005 2435 Ξ)
2025 2354 2141 2416 hac
2162 2354 2414 2436 patitur

227 2462 656 2539 conventione,
699 2474 769 2524 ut
797 2471 995 2524 emtor
1022 2483 1152 2524 rem
1186 2465 1520 2537 amitteret,
1556 2472 1622 2524 et
1640 2463 1915 2547 pretium
1948 2459 2232 2522 venditor
2260 2460 2413 2521 reti-

225 2576 502 2643 neret“,
529 2588 599 2630 ac
632 2568 843 2632 deinde
874 2568 1106 2652 pergit:
1143 2568 1261 2632 nisi
1290 2570 1446 2632 forte
1479 2587 1769 2652 expresse
1799 2567 1886 2630 ita
1916 2576 2273 2630 conventum
2305 2566 2409 2644 sit,

225 2685 292 2737 ut
323 2674 577 2757 pretium
597 2720 615 2752 ,
650 2676 709 2737 id
740 2686 836 2738 est
865 2676 1055 2739 altera
1087 2675 1412 2758 praestatio
1433 2720 1450 2751 ,
1498 2675 1573 2737 ad
1617 2694 1852 2737 omnem
1883 2683 2160 2736 eventum
2193 2682 2252 2734 et
2283 2671 2412 2735 sive

227 2780 534 2843 contraria
578 2780 904 2864 praestatio
936 2780 1215 2858 eveniat,
1263 2780 1394 2844 sive
1427 2780 1696 2858 deficiat,
1744 2780 2050 2858 solvatur3
2100 2778 2195 2841 hie
2226 2779 2410 2857 enim,

230 2886 466 2951 etiamsi
498 2886 644 2950 nihil
677 2887 871 2971 capiat
891 2933 908 2964 ,
944 2886 1330 2950 nihilomiuus
1362 2898 1653 2951 emtorem
1683 2887 1934 2971 pretium
1967 2897 2277 2971 praestare
2308 2906 2414 2949 ne·
2528 2893 2538 2902 '

231 3012 403 3057 cesse
459 2993 716 3073 habere,
767 2995 905 3076 quia
959 2995 1139 3056 emtio
1182 2994 1264 3056 sit
1305 2994 1459 3077 spei.
1523 2995 2033 3073 Praestationem,
2082 3005 2150 3057 ut
2191 2993 2412 3057 habere

230 3098 413 3162 liceat
452 3119 579 3162 rem
626 3100 879 3179 emtori,
930 3100 1001 3163 ad
1032 3100 1389 3184 implendam
1419 3102 1516 3165 vel
1548 3102 2071 3165 consummandam
2102 3100 2414 3183 obligatio-

234 3227 370 3269 nem
413 3207 745 3271 venditoris
779 3207 1081 3291 pertinere
1112 3206 1408 3285 vidimus;
1457 3208 1656 3290 itaque
1687 3207 1740 3270 si
1771 3207 2057 3291 Ulpianus
2090 3206 2271 3284 dicit,
2314 3227 2418 3289 pa-

234 3323 393 3376 ctum
436 3324 830 3392 conventum,
881 3335 1036 3397 quo,
1088 3313 1263 3375 etiam
1308 3314 1501 3375 altero
1534 3313 1923 3376 contrahente
1954 3332 2212 3374 mercem
2244 3332 2418 3395 prae-

235 3430 399 3483 stare
440 3419 774 3503 prohibito,
824 3430 1024 3483 tamen
1070 3419 1324 3485 alterum
1365 3420 1438 3482 ad
1481 3418 1738 3502 pretium
1769 3418 2191 3502 praestandum
2224 3416 2417 3481 teneri

236 3525 591 3602 definiatur,
642 3526 864 3589 nullum
907 3537 970 3589 et
1008 3525 1217 3590 inutile
1263 3545 1435 3589 esse:
1487 3524 1634 3588 nihil
1678 3524 1836 3587 aliud
1878 3523 2190 3607 proponit,
2240 3544 2417 3607 quam

236 3632 389 3714 quod
432 3631 494 3694 in
542 3632 831 3717 principio
876 3653 911 3694 a
957 3631 1127 3695 nobis
1162 3633 1440 3715 exposito
1473 3632 1728 3695 edictum
1759 3641 1889 3709 est,
1939 3631 2130 3693 altero
2164 3651 2245 3694 ex
2274 3651 2418 3693 con-

239 3748 434 3801 tractu
474 3737 665 3801 honae
711 3738 847 3801 fidei
891 3738 1037 3801 nihil
1089 3737 1362 3822 capiente
1395 3758 1587 3821 neque
1619 3738 1877 3801 alterum
1910 3737 2049 3820 quid
2080 3736 2415 3821 percipere,

233 3841 489 3926 ideoque
538 3854 905 3907 contractum
952 3844 1198 3907 dissolvi
1229 3845 1318 3907 fas
1350 3864 1510 3909 esse.
1574 3845 1651 3907 Et
1680 3866 1858 3927 quum
1890 3843 2174 3927 Ulpianus
2206 3844 2414 3907 addatz

368 4137 424 4193 2)
462 4134 528 4185 cf.
560 4134 598 4185 l.
629 4137 713 4188 65.
745 4135 771 4200 ξ
797 4137 849 4190 2.
889 4135 953 4185 D.
985 4136 1046 4186 de
1071 4136 1217 4187 cond.
1243 4136 1346 4186 ind.
1376 4135 1500 4199 (12,
1528 4134 1607 4201 6),
1640 4136 1676 4186 l.
1704 4134 1754 4186 3.
1785 4135 1811 4200 ς
1840 4134 1891 4187 7.
1929 4134 1995 4186 D.
2025 4134 2086 4186 de
2111 4134 2258 4185 cond.
2289 4151 2334 4185 c.
2366 4135 2419 4186 d.

231 4237 278 4273 c.
308 4237 359 4271 n.
387 4237 430 4271 s.
462 4222 573 4286 (¹2,
602 4223 676 4286 4).
718 4250 785 4259 —
822 4222 877 4288 3)
915 4221 1150 4287 Liehe‚
1188 4223 1531 4287 Zee'tsclzr.s.
1565 4223 1681 4274 Civ.
1709 4221 1772 4274 Η.
1802 4239 1857 4273 u.
1885 4223 2042 4273 Proc.
2071 4220 2185 4272 XV.
2219 4237 2268 4288 p.
2297 4222 2420 4275 210.

229 4308 348 4366 234.
394 4305 636 4372 Gliick,
672 4308 953 4360 Erle'i‘uter.
996 4307 1092 4372 lV,
1135 4324 1186 4375 p.
1213 4309 1366 4372 374.;
1407 4309 1442 4359 1.
1485 4308 1567 4362 19.
1610 4308 1670 4360 D.
1718 4309 1778 4359 de
1810 4307 1873 4360 V.
1904 4307 1991 4374 S.,
2032 4308 2070 4361 l.
2103 4307 2317 4375 1253.
2356 4308 2420 4358 D.

236 4394 541 4445 commodati
568 4392 679 4460 (13,
708 4395 784 4461 6).
