2782 5052
1189 320 1788 386 ——10—

409 509 795 589 contendere,
841 506 1146 575 ambarum
1186 510 1422 576 viarum
1464 510 1623 573 idem
1653 530 1789 575 esse
1821 509 2196 593 principium.
2290 509 2389 576 Uti
2421 510 2608 575 enim

408 617 480 679 de
510 615 806 680 Wticbter
835 619 1142 701 exposuit,
1192 617 1255 679 in
1298 617 1698 683 contractibus
1739 618 1959 682 mutuis
2005 617 2099 680 cui
2142 627 2405 701 potestas
2456 636 2606 680 ser-

407 732 585 785 vetur
629 722 1010 806 obligationis
1063 725 1423 808 implendae,
1489 725 1544 786 ei
1590 735 1652 787 et
1696 725 1948 788 officium
1988 743 2325 800 remanere,
2391 722 2604 786 altero

407 827 537 892 sive
579 829 862 912 impedito
907 829 1038 895 sive
1083 853 1203 894 non
1243 830 1550 915 impedito,
1599 831 1689 895 sic
1721 841 1783 893 et
1813 832 1884 895 de
1912 831 2150 894 Madai:
2201 829 2603 914 obligationis

406 935 732 1017 periculum
777 937 908 1021 ejus
956 957 1113 1015 esse,
1179 939 1348 1023 cujus
1395 949 1683 1022 perpetua
1728 938 1810 1001 sit
1853 938 2162 1020 obligatio,
2225 937 2269 999 i.
2307 957 2363 999 e.
2411 937 2600 1019 cujus

408 1040 690 1126 obligatio
723 1044 794 1105 de
824 1043 1072 1107 interitu
1101 1044 1191 1108 rei
1220 1046 1615 1128 praestandae
1647 1066 1768 1107 non
1798 1044 2129 1128 dependeat
2160 1042 2237 1127 ¹).
2329 1043 2495 1124 Ergo
2526 1041 2602 1103 id

407 1147 640 1230 quidem
673 1149 1199 1233 perspicuum‘est‚
1243 1172 1556 1216 commune
1587 1149 1871 1214 ambobus
1902 1151 2057 1215 lctis
2089 1169 2224 1213 esse
2253 1151 2389 1228 hoc,
2424 1149 2602 1232 quod

406 1256 838 1337 praestationes
884 1257 1381 1335 contrahentium,
1432 1279 1465 1320 6
1511 1256 1721 1339 quibus
1768 1256 2150 1342 obligationis
2194 1275 2390 1318 nexus
2439 1275 2598 1316 con-

407 1371 551 1437 stat,
599 1361 1009 1444 disjungentes
1053 1362 1396 1426 utramlibet
1437 1362 1813 1447 obligationis
1855 1374 2081 1447 partem
2115 1363 2307 1425 altera
2336 1361 2598 1424 solvunt

411 1478 471 1530 et
493 1480 802 1550 utramque
828 1488 935 1551 per
950 1488 1017 1532 se
1041 1479 1203 1533 stare
1230 1490 1299 1532 ac
1316 1489 1560 1532 manere
1581 1471 1954 1533 existimant.
2001 1469 2318 1552 Utriusque
2336 1480 2597 1531 senten-

410 1573 531 1637 tiae
564 1585 980 1659 argumentum
1013 1575 1164 1638 nihil
1193 1575 1351 1639 aliud
1382 1595 1518 1639 esse
1539 1575 1800 1653 videtur,
1824 1597 1998 1658 quam
2022 1586 2087 1638 ut
2107 1575 2168 1638 in
2196 1575 2413 1638 mutuis
2438 1595 2593 1636 con-

408 1680 696 1744 tractibus
741 1691 991 1763 uterque
1037 1701 1070 1743 6
1115 1681 1628 1758 contrahentibuS,
1680 1681 1776 1746 cui
1821 1682 2069 1745 facultas
2113 1682 2450 1763 praestandi
2483 1700 2590 1742 re-

406 1787 719 1863 manserit,
756 1786 1107 1871 obligationi
1139 1788 1488 1852 satisfacere
1518 1800 1790 1872 cogatur,
1832 1787 2081 1852 alterius
2113 1787 2275 1851 nullo
2305 1796 2588 1870 respectu

408 1892 632 1957 habito.
724 1891 815 1955 Ad
859 1894 1011 1976 quod
1061 1896 1307 1974 accedit,
1372 1896 1528 1977 quod
1575 1896 1646 1957 de
1690 1894 1889 1957 Madai
1932 1893 2200 1978 regulam
2245 1913 2410 1956 suam
2458 1903 2584 1955 tam

407 2009 634 2062 arctam
664 2000 1032 2077 construxit,
1086 2012 1151 2063 ut
1194 2001 1265 2063 ad
1311 2002 1531 2066 multos
1563 2013 1908 2066 contractus
1939 2000 2203 2085 adaptari
2234 2009 2490 2082 nequeat
2521 2009 2587 2062 et

406 2107 609 2169 multis
640 2107 888 2169 fontium
921 2107 1067 2170 locis
1100 2108 1545 2171 evidentissime
1577 2110 1952 2172 adversetur.
2002 2108 2122 2172 Ista
2156 2106 2314 2170 enim
2344 2105 2582 2189 regula,

409 2215 563 2294 quod
599 2215 728 2297 jam
773 2214 844 2277 de
870 2212 1217 2297 ¹Vangerow
1257 2213 1300 2276 l.
1351 2234 1407 2276 c.
1455 2225 1622 2278 recte
1664 2214 1915 2292 monuit,
1964 2235 2083 2276 non
2115 2214 2306 2277 solum
2339 2235 2470 2275 cum
2501 2211 2583 2274 iis

407 2316 559 2382 locis
593 2328 837 2401 pugnat,
886 2319 986 2402 qui
1029 2320 1102 2383 de
1145 2319 1442 2383 locatione
1488 2321 1884 2386 conductione
1923 2342 2122 2384 rerum
2170 2319 2380 2402 scripti
2410 2319 2583 2383 inve-

408 2423 678 2502 niuntur,
725 2446 936 2489 verum
983 2426 1160 2490 etiam
1207 2426 1278 2489 ab
1309 2427 1383 2490 iis
1417 2427 1658 2490 omnino
1689 2427 1884 2490 aliena
1916 2437 2011 2491 est
2039 2426 2465 2501 contractibus,
2515 2425 2585 2487 in

408 2532 619 2614 quibus
664 2533 937 2597 neutrius
982 2534 1394 2597 contrahentis
1440 2534 1721 2618 obligatio
1769 2533 2011 2596 exsistit
2052 2544 2357 2616 perpetua,
2421 2542 2486 2594 ut
2514 2532 2582 2594 in

407 2640 868 2722 permutatione,
918 2641 1041 2718 ubi,
1092 2640 1145 2703 si
1187 2640 1434 2704 alterius
1476 2640 1801 2723 praestatio
1844 2640 2227 2723 impossibilis
2274 2650 2366 2702 est
2389 2639 2578 2717 facta,

407 2780 489 2793 —
525 2745 686 2807 nulla
717 2758 820 2810 aut
843 2747 1014 2829 culpa
1033 2757 1137 2810 aut
1157 2769 1324 2810 mora
1350 2747 1795 2810 interveniente
1818 2784 1903 2793 —
1926 2746 2080 2809 alter
2105 2767 2224 2808 nou
2252 2744 2580 2829 prohibitus

410 2849 782 2934 obligationi,
820 2875 1173 2935 quamquam
1205 2875 1325 2916 non
1356 2864 1700 2937 perpetuae,
1736 2852 2085 2917 satisfacere
2117 2852 2462 2935 impellitur.

581 2958 614 3039 §
660 2955 725 3021 7.
818 2957 1013 3022 Etiam
1044 2959 1242 3023 Wolff
1264 2958 1316 3043 ¹)
1363 2959 1636 3023 diversos
1680 2960 1753 3022 de
1799 2960 2148 3043 quaestione
2195 2968 2401 3020 nostra
2448 2958 2580 3018 fon-

408 3062 554 3126 tium
599 3064 764 3127 locos
807 3064 968 3127 inter
1010 3087 1076 3129 se
1121 3066 1449 3130 conciliare
1494 3065 1739 3129 studens
1770 3066 2162 3129 disertissime
2195 3064 2427 3129 locutus
2458 3073 2572 3141 est,

409 3179 471 3230 et
511 3190 640 3232 rem
682 3172 755 3233 ad
801 3171 1217 3255 simpliciorem
1263 3172 1432 3255 quasi
1475 3172 1767 3254 quendam
1799 3182 1859 3234 et
1890 3171 2297 3235 dilucidiorem
2331 3189 2578 3251 conspe-

409 3284 565 3336 ctum
613 3275 685 3337 ab
730 3297 800 3340 eo
844 3280 1157 3348 redactam
1188 3299 1323 3343 esse
1367 3278 1578 3362 negari
1625 3300 1746 3341 non
1778 3287 1993 3361 potest.
2087 3277 2379 3360 Imprimis
2411 3275 2472 3337 in
2503 3295 2575 3337 eo

408 3379 736 3445 laudandus
770 3384 1027 3463 videtur,
1074 3386 1227 3468 quod
1261 3384 1563 3459 distinxit,
1618 3396 1813 3447 utrum
1844 3384 2323 3468 impedimentum
2357 3382 2576 3463 obliga-

408 3486 592 3552 tionis
634 3489 963 3571 implendae
1004 3492 1067 3553 in
1113 3511 1368 3573 persona
1410 3489 1695 3553 debitoris
1736 3491 1836 3554 vel
1867 3491 2183 3555 creditoris
2218 3490 2570 3573 (quaeritur,

411 3612 573 3677 „per
602 3616 775 3677 quem
807 3606 947 3673 stet,
1001 3597 1314 3678 quominus
1344 3595 1746 3679 impleatur“)
1791 3599 2116 3681 repositum
2161 3598 2240 3660 sit
2282 3608 2343 3660 et
2384 3607 2574 3658 utrum

406 3699 600 3781 ipsum
631 3702 971 3784 praestandi
1003 3723 1217 3764 munus
1248 3703 1615 3786 impossibile
1646 3704 1769 3783 fiat,
1818 3725 1895 3767 an
1938 3705 2266 3788 acceptatio
2312 3711 2574 3785 praesta-

409 3806 590 3870 tionis
635 3808 765 3888 (dz‘e
792 3804 1131 3871 Annaleme
1173 3808 1284 3870 der
1310 3808 2022 3895 Lee’stungslzandlung,
2074 3811 2189 3872 das
2235 3809 2574 3886 „Sz‘clz-lez‘-

406 3915 868 3997 stem-lassen“)
902 3935 937 3977 a
966 3925 1133 3998 parte
1165 3911 1479 3978 creditoris
1511 3914 1764 3978 deficiat.
1829 3913 2110 3979 Attamen
2143 3916 2295 3998 quod
2325 3915 2388 3977 in
2420 3925 2574 3976 cete-

406 4018 490 4080 ris
513 4019 669 4102 juris
697 4021 1123 4107 interpretibus
1153 4021 1711 4105 reprehendendum
1744 4032 1856 4101 est,
1887 4022 2165 4087 emtionis
2198 4032 2260 4084 et
2288 4020 2573 4085 venditio-

550 4271 602 4333 1)
637 4272 707 4322 D.
735 4273 908 4323 Lelare
930 4289 979 4324 v.
1010 4273 1060 4324 d.
1092 4289 1247 4324 mora
1274 4272 1322 4338 §.
1351 4275 1437 4325 45.
1469 4272 1525 4324 S.
1552 4273 1869 4330 277—283.

552 4355 602 4420 l)
642 4357 757 4408 Zur
781 4357 953 4408 Lchre
978 4374 1025 4409 v.
1057 4359 1109 4409 d.
1139 4374 1294 4409 mora
1320 4357 1372 4409 S.
1408 4359 1697 4412 126—145.
