2782 5052
1018 408 1619 473 —47—

217 604 481 658 mentum
530 594 783 679 cogitari
824 594 936 659 vix
979 595 1188 680 possit.
1259 594 1480 657 >Meum
1524 615 1645 658 non
1691 604 1807 672 est,
1854 605 1989 659 acta
2032 617 2236 680 agere,
2282 619 2393 661 nec

218 698 423 763 dubito
453 702 743 784 profiteri,
796 702 856 764 in
889 700 1049 764 nulla
1083 722 1162 764 ex
1192 700 1269 765 iis
1302 702 1555 787 legibuS,
1593 701 1802 785 quibus
1834 700 2205 783 disputantes
2235 704 2393 768 inni-

218 815 452 882 tuntur,
517 809 843 890 perfectum
884 807 1337 890 absolutumque
1377 808 1654 870 exhiberi
1696 806 1841 869 mihi
1884 807 2075 870 videri
2123 810 2394 873 testimo-

219 912 383 974 nium
414 911 593 975 unius
625 914 953 979 alteriusve
984 912 1343 991 sententiae,
1378 912 1516 995 quia
1546 913 1662 976 alia
1694 934 1930 996 semper
1953 914 2203 998 cogitari
2227 927 2391 980 certe
2439 926 2444 929 ’

217 1016 632 1102 interpretatio
658 1029 874 1103 potest,
903 1042 1052 1083 vera
1084 1020 1417 1083 necessitas
1448 1018 1560 1081 hoc
1591 1019 1733 1083 illud
1768 1019 2150 1083 existimandi
2174 1040 2391 1103 urgere

222 1144 342 1186 non
388 1123 651 1203 videtur,
698 1126 902 1188 ultima
946 1126 1141 1210 potius
1185 1125 1491 1190 decidendi
1537 1125 1717 1202 ratio,
1764 1136 1830 1188 ut
1862 1126 1988 1210 jam
2031 1125 2257 1203 monui,
2308 1148 2392 1190 ex

221 1230 498 1314 analogia
529 1243 937 1296 contractuum
970 1232 1404 1295 nominatorum
1435 1242 1530 1295 est
1570 1232 1878 1295 sumenda.
1970 1231 2167 1311 Quare
2211 1232 2274 1294 in
2318 1253 2390 1295 eo

223 1335 620 1418 acquiescam,
670 1350 736 1402 ut
779 1358 1127 1416 memorem,
1177 1359 1272 1401 me
1317 1337 1382 1400 in
1426 1337 1618 1401 tribus
1663 1337 1780 1401 illis
1825 1338 2081 1421 legihuS,
2134 1357 2283 1419 quae
2328 1338 2391 1400 in

225 1443 767 1507 considerationem
799 1446 893 1509 hic
922 1445 1022 1509 vel
1052 1443 1313 1507 maxime
1341 1444 1592 1507 veniunt
1621 1441 1711 1525 ¹),
1760 1442 2226 1526 interpretandis
2260 1463 2390 1506 eam

223 1549 504 1633 prosequi
549 1551 944 1628 sententiam,
994 1572 1169 1633 quam
1214 1550 1287 1614 de
1315 1549 1615 1613 Wachter
1643 1545 1700 1631 2>
1747 1559 1808 1611 et
1847 1549 1920 1611 de
1961 1548 2305 1629 Vangerow
2334 1545 2390 1634 ³)

221 1657 662 1739 proposuerint.
751 1658 857 1720 Rei
902 1657 1058 1719 enim
1091 1655 1522 1739 congruentior
1551 1675 1688 1718 esse
1718 1655 1956 1719 videtur
1986 1675 2096 1717 nec
2125 1656 2391 1738 generali

221 1763 464 1844 regulae
510 1784 543 1826 a
590 1762 762 1826 nobis
808 1763 1146 1847 propositae
1192 1762 1497 1826 contraria
1539 1772 1654 1838 est,
1707 1760 1844 1844 quia
1886 1761 2163 1844 exempla
2205 1761 2271 1824 in
2314 1761 2390 1825 iis

220 1868 499 1952 exposita
556 1869 630 1932 ad
689 1880 1103 1953 argumentum
1164 1868 1443 1931 emtionis
1503 1867 1862 1931 venditionis
1913 1866 2180 1929 ducenda
2223 1878 2388 1932 sunt.

220 1973 388 2052 Loci,
440 1975 538 2057 qui
582 1977 650 2039 ad
695 1975 1031 2060 exemplum
1072 1974 1386 2038 locationis
1419 1973 1827 2037 conductionis
1860 1974 2195 2053 trahantur,
2245 1974 2391 2038 clari

224 2091 284 2143 et
323 2082 637 2145 indubitati
680 2104 801 2146 non
845 2092 1129 2162 exstant3
1189 2081 1481 2165 plerique,
1528 2079 1628 2162 qui
1661 2079 1755 2141 hic
1799 2079 1969 2142 citari
2002 2080 2222 2159 solent,
2270 2102 2390 2144 non

223 2198 565 2252 contractus
598 2188 1060 2270 (innominatos)
1092 2197 1327 2250 mutuos
1359 2184 1707 2261 continent,
1759 2185 1865 2248 sed
1897 2185 2249 2250 donationes
2280 2187 2389 2250 sub

221 2294 422 2370 modo,
459 2315 706 2376 quarum
739 2305 953 2358 natura
981 2316 1018 2358 a
1050 2292 1399 2376 quaestione
1430 2302 1636 2354 nostra
1667 2291 1864 2353 aliena
1897 2301 2044 2369 est„

391 2399 659 2482 Denique
704 2400 1151 2463 memorandum
1196 2409 1312 2476 est,
1359 2418 1537 2480 quum
1580 2396 1753 2459 hodie
1799 2418 2004 2459 omnes
2048 2408 2390 2462 contractus

221 2506 379 2569 nudo
412 2526 711 2571 consensu
741 2506 1161 2592 perficiantur,
1211 2505 1411 2587 itaque
1442 2512 1567 2567 tota
1598 2503 1669 2567 de
1701 2501 2104 2568 contractibus
2136 2504 2391 2568 innomi-

220 2612 380 2676 natis
413 2613 683 2678 doctrina
713 2614 1049 2690 evanuerit,
1097 2634 1226 2677 eam
1267 2610 1562 2698 regulam,
1611 2630 1780 2692 quam
1825 2610 1884 2671 in
1917 2610 2215 2675 locatione
2248 2633 2392 2674 con-

220 2718 526 2799 ductione,
573 2720 638 2783 in
683 2728 1001 2783 contractu
1046 2715 1602 2802 emphyteuticario,
1648 2715 1709 2776 in
1754 2716 2016 2780 emtione
2045 2716 2391 2782 venditione

217 2825 424 2889 valere
470 2826 1029 2904 demonstravimus,
1092 2825 1155 2887 in
1203 2822 1473 2887 omnibus
1515 2822 1944 2901 contractibus,
2009 2822 2109 2905 qui
2151 2823 2392 2886 omnino
2437 2895 2448 2907 ι

217 2930 360 3015 fingi
406 2940 468 2995 et
508 2953 620 2995 usu
659 2933 872 2997 venire
913 2941 1189 3017 possunt,
1253 2931 1384 2994 siue
1429 2928 1549 2992 ulla
1593 2927 1961 2992 dubitatione
2003 2928 2392 2992 adhibendam

220 3056 380 3100 esse.
470 3036 678 3120 Neque
723 3037 835 3101 hoc
878 3038 1056 3102 latius
1102 3056 1411 3122 exponere
1455 3055 1605 3119 opus
1637 3047 1755 3114 est,
1807 3036 2083 3118 quoniam
2118 3034 2391 3098 omnibus

221 3143 468 3227 probata
499 3154 591 3206 est
621 3144 768 3207 haec
798 3142 1118 3208 sententia.

358 3416 413 3482 1)
449 3415 512 3466 L.
546 3417 596 3467 5.
619 3415 648 3482 ἓ
675 3416 724 3468 1.
761 3414 826 3465 D.
855 3414 917 3464 de
942 3429 1169 3480 praescr.
1197 3413 1340 3462 verb.
1384 3411 1495 3476 (19,
1526 3413 1610 3476 5),
1640 3412 1674 3460 l.
1711 3412 1791 3465 10.
1819 3411 1945 3462 Cod.
1991 3412 2051 3462 de
2077 3413 2224 3463 cond.
2252 3413 2314 3462 ob
2340 3430 2388 3465 c.

220 3501 271 3551 d.
302 3500 376 3566 (⁴,
406 3503 490 3566 6>;
530 3502 568 3553 l.
599 3503 684 3555 16.
713 3500 780 3552 D.
809 3500 871 3552 de
908 3499 1056 3550 cond.
1084 3515 1132 3550 c.
1161 3497 1211 3549 d.
1239 3513 1286 3548 c.
1316 3514 1367 3548 n.
1397 3512 1441 3547 ε.
1471 3496 1592 3563 (12,
1620 3499 1697 3562 4).
1757 3524 1812 3535 —
1870 3496 1926 3562 2)
1966 3497 1999 3547 Ι.
2027 3514 2071 3548 c.
2101 3514 2150 3564 p.
2178 3499 2297 3554 217.
2323 3527 2392 3539 —-

220 3587 274 3652 3)
310 3587 348 3638 l.
376 3603 423 3638 c.
452 3602 503 3654 p.
530 3588 632 3643 218
657 3603 734 3654 sq.
