2782 5052
1167 243 1767 308 —40—

373 432 669 496 rationem
728 441 997 493 constat:
1047 440 1150 492 aut
1204 452 1422 515 operae
1465 443 1569 496 aut
1610 453 1710 496 res
1754 453 1788 495 a
1835 431 2322 496 contrahentibus
2369 434 2570 498 sociis

377 540 466 619 (in
499 558 870 600 communem
901 537 1106 624 finem)
1139 537 1599 623 conferuntur¹)
1625 585 1642 617 ,
1678 561 1746 602 ac
1777 550 2091 622 praeterea
2121 539 2424 623 proprium
2460 562 2571 603 so-

374 645 608 707 cietatis
654 654 783 721 est,
832 656 1148 728 utrumque
1194 646 1646 709 contrahentem
1689 646 1749 707 in
1794 640 2112 729 periculi²)
2145 646 2569 728 commodique

376 751 845 813 communionem
877 753 1103 815 vocari.

543 856 710 921 Unde
743 858 979 920 diversa
1006 858 1423 942 impedimenta
1452 857 1915 941 praestationum
1948 869 2357 942 susceptarum
2386 858 2566 941 cogi-

373 962 492 1025 tari
537 984 713 1046 posse
759 964 905 1026 satis
937 975 1203 1048 apertum
1237 974 1352 1028 est.
1419 964 1603 1048 Cujus
1636 964 1716 1026 sit
1746 962 2029 1046 obligatio
2059 984 2259 1027 rerum
2295 965 2558 1048 fungibi-

369 1069 513 1132 lium
546 1070 1068 1150 conferendarum,
1102 1074 1229 1156 ejus
1262 1070 1581 1155 praestatio
1614 1090 1858 1154 prorsus
1889 1070 2163 1152 impediri
2194 1069 2349 1132 haud
2378 1070 2560 1133 facile

369 1176 629 1259 poterit,
680 1176 956 1258 quoniam
989 1198 1178 1261 genus
1210 1198 1330 1239 non
1364 1177 1554 1258 perit3
1604 1176 1804 1259 itaque
1836 1177 1963 1260 ejus
1996 1176 2143 1238 socii
2178 1177 2382 1240 eadem
2412 1196 2557 1241 esse

369 1282 609 1347 videtur
649 1283 944 1357 conditio,
991 1304 1164 1364 quam
1211 1292 1271 1346 et
1301 1282 1548 1345 emtoris
1581 1292 1641 1343 et
1673 1283 2050 1345 conductoris
2084 1303 2219 1345 esse
2253 1282 2550 1361 vidimus3

370 1388 500 1472 ejus
532 1397 727 1450 autem
762 1389 949 1467 socii,
986 1390 1081 1453 cui
1115 1409 1331 1473 operae
1362 1389 1460 1451 vel
1493 1400 1694 1451 certae
1726 1390 1955 1473 species
1987 1389 2376 1473 praestandae
2405 1410 2558 1451 con-

369 1494 768 1576 serendaeque
802 1508 941 1558 sunt
970 1495 1032 1558 in
1066 1515 1435 1558 communem
1467 1495 1667 1573 finem,
1698 1496 1881 1558 multa
1911 1495 2049 1580 fingi
2084 1507 2335 1579 possunt
2364 1496 2556 1578 impe-

370 1601 630 1664 dimenta
664 1583 1106 1684 insuperabilia.
1169 1601 1297 1666 Nec
1326 1602 1523 1664 minus
1557 1603 1921 1685 contendere
1954 1601 2095 1664 licet
2117 1650 2132 1679 ‚
2186 1623 2358 1685 quum
2389 1602 2555 1664 inter

367 1708 804 1792 praestationes
849 1708 1155 1772 societatis
1198 1730 1381 1772 causa
1427 1708 1836 1792 suscipiendas
1868 1708 2045 1770 etiam
2079 1708 2134 1770 id
2167 1707 2552 1769 referendum

367 1809 541 1896 sit3),
564 1823 630 1876 ut
661 1824 906 1896 uterque
937 1815 1137 1880 socius
1171 1819 1305 1895 (aut
1332 1817 1383 1878 si
1415 1814 1614 1900 plures
1648 1826 1812 1891 sunt,
1837 1822 2069 1895 omnes)
2092 1824 2321 1898 partem
2349 1813 2552 1876 damni

365 1921 619 1998 sentiat,
663 1919 793 1983 fieri
837 1942 1051 2004 posse,
1102 1923 1415 2005 quominus
1466 1924 1616 1985 banc
1663 1922 1949 1984 alteruter
1980 1921 2339 1984 contrahens
2375 1941 2551 2003 prae-

365 2028 687 2091 stationem
735 2027 998 2111 impleat.
1064 2028 1550 2113 Impedimentum
1598 2038 1793 2089 autem
1829 2027 2160 2112 hujusmodi
2192 2026 2551 2110 praestatio-

366 2134 460 2197 nis
492 2134 669 2197 aliter
700 2135 950 2219 cogitari
984 2156 1102 2197 non
1134 2145 1354 2218 potest,
1391 2157 1564 2218 quam
1598 2135 1650 2198 si
1683 2134 1881 2197 socius
1914 2134 1974 2195 in
2006 2135 2379 2196 fortunarum
2411 2154 2548 2196 sua-

362 2262 497 2304 rum
540 2240 773 2304 ruinam
819 2242 903 2305 ita
935 2242 1250 2322 inciderit,
1300 2252 1365 2304 ut
1398 2240 1732 2304 communio
1766 2240 2111 2303 damnorum
2143 2259 2224 2301 ex
2253 2239 2547 2302 societate

363 2349 428 2412 in
471 2359 769 2432 posterum
819 2349 1239 2433 capiendorum
1288 2371 1537 2433 prorsus
1570 2347 1848 2432 impedita
1883 2349 1984 2408 sit.
2048 2347 2124 2408 Et
2156 2346 2287 2432 quid
2326 2346 2419 2408 his
2451 2367 2547 2408 ca-

363 2454 529 2518 sibus
578 2456 742 2538 leges
789 2466 1090 2535 statuant,
1141 2456 1484 2519 videamus!
1535 2456 1568 2538 5
1614 2453 1677 2518 8.
1726 2454 1775 2516 Ι.
1823 2454 1893 2514 de
1954 2455 2242 2517 societate
2293 2451 2395 2532 (3,
2431 2449 2542 2536 26)

364 2562 517 2625 solvi
549 2562 922 2636 societatem,
962 2564 1066 2642 „si
1098 2564 1230 2645 quis
1264 2584 1345 2626 ex
1370 2562 1551 2627 sociis
1583 2561 1736 2624 mole
1770 2560 1952 2624 debiti
1985 2572 2411 2645 praegravatus
2440 2560 2544 2622 bo-

364 2668 457 2732 nis
503 2668 629 2732 suis
673 2670 926 2732 cesserit
967 2681 1028 2732 et
1069 2670 1202 2734 ideo
1248 2680 1491 2755 propter
1522 2670 1752 2755 publica
1782 2679 1884 2730 aut
1916 2669 2144 2751 privata
2178 2668 2374 2730 debita
2407 2667 2545 2730 sub-

362 2776 580 2837 stantia
622 2777 752 2859 ejus
798 2782 1072 2839 veneat“
1120 2777 1350 2839 statuit.
1414 2778 1633 2839 Eadem
1682 2775 2129 2859 praecipiuntur
2160 2797 2195 2837 a
2227 2773 2374 2836 Gaio
2409 2773 2538 2854 (III,

363 2882 396 2963 ἓ
448 2879 591 2942 154.
649 2879 813 2965 58.)
852 2892 912 2943 et
943 2882 1077 2963 lege
1120 2880 1227 2945 65.
1277 2884 1309 2965 ἓ
1351 2883 1405 2946 l.
1456 2883 1529 2946 D.
1580 2904 1685 2967 pro
1743 2882 1931 2945 socio·
1999 2881 2192 2960 Quare
2241 2880 2543 2943 manifesti

352 2985 508 3071 juris
554 2994 679 3062 est,
734 2996 1006 3049 cessante
1052 2987 1300 3051 alterius
1346 2989 1625 3052 facultate
1668 2988 2049 3071 obligationis
2081 2989 2415 3071 implendae
2447 3009 2542 3052 so-

362 3092 636 3155 cietatem
677 3092 925 3156 resolvi.
992 3093 1157 3172 Quod
1203 3097 1351 3157 vero
1399 3116 1501 3159 eos
1548 3116 1723 3159 casus
1771 3096 2023 3172 attinet,
2073 3095 2123 3158 si
2156 3094 2311 3157 alter
2342 3094 2541 3157 socius

360 3198 781 3283 prohibeatur,
829 3219 1042 3283 operas
1089 3201 1189 3264 vel
1231 3222 1358 3264 rem
1405 3202 1728 3287 promissas
1760 3212 2108 3285 praestare,
2145 3222 2207 3264 v.
2246 3224 2298 3262 c.
2337 3200 2541 3264 morbo

361 3316 717 3389 occupatus,
765 3306 864 3371 vel
905 3327 972 3369 re
1015 3318 1154 3371 ante
1199 3309 1580 3373 collationem
1623 3318 1923 3392 peremtaz
1976 3306 2171 3369 nullae
2215 3306 2389 3370 nobis
2436 3327 2542 3368 ex-

360 3422 524 3475 stant
563 3413 769 3495 legeS,
819 3435 970 3497 quae
1017 3413 1088 3477 de
1133 3414 1295 3479 hisce
1339 3415 1578 3479 casibus
1622 3436 1890 3479 normam
1920 3411 2351 3497 proponant4).
2414 3412 2541 3477 Nec

501 3675 554 3738 1)
592 3672 660 3724 cf.
691 3673 805 3727 Gai.
834 3674 924 3727 ΙΙΙ.
964 3675 988 3741 §
1019 3676 1113 3727 149
1139 3676 1174 3726 i.
1209 3676 1244 3726 f.
1283 3678 1310 3742 ἓ
1336 3680 1386 3728 2.
1420 3677 1459 3728 1.
1490 3678 1551 3728 de
1592 3679 1768 3729 societ.
1799 3678 1882 3742 (3,
1911 3676 2035 3741 25),
2065 3676 2101 3726 l.
2134 3677 2217 3728 52.
2246 3676 2273 3739 §
2300 3677 2353 3726 2.
2383 3675 2433 3726 7.
2474 3673 2537 3723 D.

357 3774 445 3825 pro
473 3758 608 3809 socio
648 3758 769 3826 (17,
797 3761 887 3825 2),
917 3761 953 3812 l.
989 3762 1034 3813 1.
1065 3761 1189 3812 Cod.
1218 3761 1332 3812 eod.
1364 3765 1450 3825 (4,
1481 3763 1589 3828 37).
1640 3791 1708 3801 —
1754 3765 1810 3828 2)
1854 3764 2015 3815 Unum
2052 3776 2225 3812 casum
2250 3761 2287 3810 l.
2315 3761 2402 3813 29.
2434 3759 2461 3824 ξ
2491 3760 2539 3809 l.

358 3845 419 3897 1).
451 3862 541 3913 pro
581 3847 718 3896 socio
761 3847 869 3912 (17,
897 3847 955 3913 2)
983 3847 1188 3914 excipit.
1243 3875 1312 3884 —
1360 3847 1417 3912 3)
1457 3847 1838 3913 Susceptionem
1876 3847 2043 3897 damni
2070 3855 2121 3897 et
2146 3846 2359 3914 periculi
2382 3861 2540 3912 prae-

355 3935 610 3982 stationis
636 3933 797 3983 vicem
824 3932 1051 3983 obtinere
1079 3940 1228 3998 atque
1254 3933 1327 3983 ita
1354 3933 1404 3982 in
1433 3932 1657 3984 fontibus
1683 3933 2070 4000 comprehendi,
2113 3948 2176 3982 ex
2203 3949 2262 3982 eo
2290 3933 2537 3997 sequitur,

356 4017 488 4083 quod
514 4018 549 4067 Ι.
579 4018 664 4070 29.
694 4017 718 4083 §
747 4018 795 4071 1.
827 4018 887 4069 D.
918 4034 1006 4086 pro
1033 4018 1168 4068 socio
1197 4019 1362 4083 docet,
1394 4018 1686 4068 societatem
1716 4018 1839 4067 coiri
1865 4033 2012 4083 posse
2040 4018 2133 4082 ita,
2161 4025 2218 4067 ut
2243 4019 2378 4067 alter
2403 4019 2538 4068 solus

354 4102 583 4168 pericula
620 4103 801 4154 subeat
840 4112 891 4154 et
929 4104 1109 4154 damna
1147 4107 1365 4168 sentiat,
1408 4104 1651 4169 siquidem
1687 4110 1828 4153 tanta
1868 4103 1931 4153 ab
1959 4103 2123 4154 altero
2147 4111 2440 4170 praestetur
2465 4104 2540 4152 in·-

355 4187 552 4238 dustria
579 4197 631 4239 et
657 4206 836 4255 opera,
865 4190 1045 4256 quibus
1071 4190 1348 4257 exaequari
1373 4190 1630 4239 amborum
1658 4188 1827 4239 officia
1853 4196 1904 4238 et
1928 4190 2305 4255 praestationes
2331 4189 2538 4239 videau-

355 4282 456 4324 tur.
500 4302 558 4310 —
604 4275 652 4339 4)
690 4275 858 4326 Etiam
889 4277 922 4326 l.
955 4278 1034 4329 58.
1063 4292 1139 4342 pr.
1171 4275 1234 4326 D.
1263 4291 1352 4343 pro
1379 4274 1516 4326 socio
1536 4312 1550 4339 ,
1590 4289 1717 4341 quae
1744 4275 1958 4339 statuit,
2000 4274 2247 4325 societate
2275 4290 2305 4325 a
2333 4281 2414 4339 te,
2456 4274 2537 4340 qui
