2782 5052
959 427 1561 492 *33—

155 617 374 680 ditoris
405 615 756 701 respexisse
788 615 1093 693 videntur,
1129 615 1226 698 qui
1261 615 1517 678 traditae
1562 614 1782 678 mercis
1815 615 2140 680 dominium
2174 620 2346 701 quasi

153 724 380 808 pignus
412 722 688 787 solvendi
732 721 906 805 pretii
936 722 1203 785 retinere
1235 733 1434 804 queat.
1501 721 1590 784 Ita
1619 723 1836 784 factum
1864 733 1982 803 est,
2017 735 2107 801 ut,
2145 747 2346 807 quam-

166 831 263 895 vis
296 851 427 893 rem
459 831 763 894 venditam
786 831 911 915 jam
949 828 1376 912 quodammodo
1405 828 1477 891 ad
1509 828 1662 892 bona
1694 829 1940 892 emtoris
1972 830 2346 893 referendam

158 957 299 1001 esse
344 946 702 1013 censerent,
766 947 966 999 tamen
1013 956 1222 999 verum
1269 933 1518 997 dominii
1563 935 1881 1000 transitum
1928 935 2235 1000 differrent
2282 948 2343 999 et

157 1043 383 1106 emtori
417 1044 534 1128 jus
570 1042 913 1107 vindicandi
970 1063 1090 1104 non
1140 1041 1303 1125 prius
1362 1043 1800 1120 concederent,
1863 1063 2037 1125 quam
2085 1042 2345 1126 pretium

158 1149 424 1212 solutum
459 1160 643 1212 esset.
722 1147 803 1212 At
832 1168 977 1212 vero
1010 1147 1191 1210 etiam
1226 1146 1503 1225 elucebit,
1552 1148 1705 1210 hanc
1737 1148 1985 1211 dominii
2018 1150 2169 1232 apud
2200 1170 2347 1213 ven-

159 1255 423 1318 ditorem
456 1254 855 1318 retentionem
887 1275 1010 1316 non
1041 1275 1119 1317 ex
1153 1253 1396 1338 propria
1429 1264 1642 1316 natura
1674 1254 1951 1322 emtionis
1981 1254 2347 1318 “venditionis

160 1361 358 1444 sequi,
394 1361 500 1424 sed
529 1360 719 1424 veluti
750 1361 1159 1439 extrinsecus,
1195 1359 1409 1424 alienis
1441 1360 1512 1422 de
1537 1363 1762 1438 causis,
1792 1360 2025 1424 scilicet
2055 1362 2347 1426 securita-

163 1468 272 1545 tis,
310 1467 564 1551 injungi.

341 1573 690 1637 Sententiae
723 1596 757 1637 a
785 1595 880 1639 me
912 1575 1104 1638 adhuc
1149 1574 1465 1658 expositae
1509 1593 1797 1639 summam
1839 1573 1924 1635 ita
1957 1574 2347 1658 comprehen-

164 1681 342 1743 dam:
405 1680 716 1743 Perfectae
760 1682 1041 1746 emtionis
1083 1681 1450 1745 venditionis
1498 1701 1571 1744 ea
1613 1691 1708 1744 est
1764 1679 2092 1763 singularis
2133 1680 2229 1745 vis
2276 1702 2347 1743 ac

163 1798 424 1865 natura,
474 1797 539 1850 ut
579 1787 709 1871 ipso
753 1787 1135 1872 perfectionis
1182 1798 1320 1851 actu
1361 1787 1645 1851 venditor
1686 1787 1899 1850 emtori
1949 1785 2009 1848 id
2052 1796 2342 1869 praestet,

163 1894 326 1974 quod
358 1892 415 1954 ei
446 1894 723 1976 proxime
759 1894 1072 1972 incumbit,
1131 1904 1193 1956 et
1224 1893 1502 1956 consistit
1531 1894 1766 1977 quidem
1798 1894 1946 1957 haec
1976 1891 2145 1975 prior
2172 1912 2347 1977 prae-

164 1998 354 2061 statio
386 2000 447 2061 in
480 2019 575 2079 eo,
611 2011 678 2063 ut
707 2022 834 2064 rem
868 2000 1145 2064 venditor
1186 2012 1453 2084 paratam
1500 2000 1698 2078 sistat,
1748 2020 1895 2083 quae
1940 2000 2004 2062 in
2035 1999 2193 2062 bona
2225 2019 2350 2062 em-

163 2104 325 2168 toris
358 2106 613 2189 pretium
646 2108 957 2188 pendentis
989 2107 1202 2191 quovis
1236 2117 1502 2192 tempore
1538 2117 1807 2170 transeat
1836 2127 2086 2189 eamque
2116 2108 2351 2169 interea

161 2222 229 2273 ut
261 2212 563 2296 propriam
595 2214 841 2277 emtoris
872 2224 1113 2278 tractet.
1174 2214 1385 2278 Altera
1405 2234 1553 2279 vero
1576 2213 1956 2297 obligationis
1979 2234 2153 2296 pars=
2201 2208 2349 2277 ven-4

164 2318 352 2380 ditori
382 2318 732 2383 incumbens
763 2320 1087 2404 praestatio
1121 2342 1194 2384 eo
1227 2320 1439 2399 tendit,
1475 2331 1540 2383 ut
1563 2339 1670 2405 per
1691 2339 1826 2382 eum
1849 2318 2064 2382 emtori
2087 2337 2344 2382 mercem

164 2424 394 2488 habere
426 2425 558 2488 sine
588 2425 1070 2511 interpellatione
1103 2426 1304 2490 liceat.

344 2533 377 2614 ἓ
424 2531 528 2596 28.
623 2532 808 2619 Cujus
854 2534 1215 2612 sententiae,
1265 2552 1417 2616 quae
1468 2532 1747 2595 emtionis
1779 2531 2142 2596 venditionis
2174 2544 2347 2596 natu-

162 2659 273 2703 rae
307 2639 854 2723 congruentissima
886 2640 1029 2704 mihi
1062 2641 1332 2721 videtur,
1378 2640 1560 2702 etiam
1604 2638 1666 2701 in
1713 2637 1860 2723 ipsis
1903 2638 2167 2701 fontibus
2214 2660 2348 2724 per-

164 2746 359 2809 multa
404 2767 597 2828 neque
641 2747 894 2810 obscura
933 2747 1324 2811 inveniuntur
1354 2746 1633 2830 vestigia.
1697 2744 1959 2823 Etenim,
2001 2746 2153 2827 quod
2187 2766 2219 2808 a
2252 2765 2346 2808 me

155 2856 288 2938 jam
335 2863 895 2931 commemoratum,
958 2854 1164 2917 mirari
1213 2875 1333 2917 non
1379 2854 1699 2928 debemus,
1764 2851 2124 2917 sententiam
2170 2852 2347 2916 istam

164 2981 297 3022 nou
330 2970 449 3022 tam
494 2959 773 3023 distincte
818 2970 879 3023 et
907 2962 1073 3043 quasi
1107 2982 1189 3025 ex
1218 2963 1490 3046 professo
1522 2961 1593 3024 ab
1626 2961 1885 3045 antiquis
1918 2959 2074 3023 ICtis
2107 2959 2350 3044 exposi-

164 3078 295 3129 tam
329 3086 488 3145 esse,
525 3068 736 3152 quippe
769 3067 865 3151 qui
897 3067 1209 3132 veritatem
1245 3080 1307 3131 et
1335 3089 1645 3153 supremas
1690 3070 1959 3148 rationes
2005 3089 2126 3130 non
2160 3067 2350 3131 diser-

171 3173 258 3237 tis
290 3173 493 3237 verbis
526 3194 854 3258 exponere,
890 3174 992 3237 sed
1026 3174 1174 3236 duce
1205 3174 1578 3256 suoingenio
1603 3174 2082 3256 praeclarissimo
2098 3173 2349 3256 singulis

163 3280 237 3343 in
271 3280 507 3343 casibus
539 3280 819 3343 adhibere
853 3290 1028 3359 atque
1061 3279 1120 3339 in
1153 3299 1328 3340 usum
1359 3287 1603 3340 vertere
1634 3278 1922 3340 solerent.

260 3403 263 3404 ’
345 3384 504 3449 Ante
549 3386 748 3448 omnia
803 3383 1391 3445 animadvertendum
1441 3392 1571 3458 est,
1634 3381 1835 3445 multis
1893 3383 2139 3445 fontium
2198 3383 2347 3447 locis

168 3492 318 3571 dici,
353 3493 410 3554 id
446 3492 600 3572 quod
647 3489 767 3574 peti
799 3488 1026 3572 possit,
1083 3487 1146 3549 in
1192 3487 1364 3549 bonis
1409 3486 1721 3549 creditoris
1757 3489 1885 3572 jam
1918 3488 2346 3570 quodammodo

167 3619 313 3663 esse
347 3595 607 3672 censeri,
645 3606 705 3657 et
733 3593 1180 3677 locupletiorem
1213 3592 1342 3656 fieri
1374 3593 1730 3658 creditorem
1754 3642 1771 3673 ,
1827 3594 2183 3677 simulatque
2216 3615 2349 3658 cre-

171 3705 287 3769 diti
324 3705 429 3788 jus
473 3711 683 3764 nactus
729 3700 846 3775 sit,
900 3700 1131 3764 etiamsi
1177 3701 1365 3786 ipsam
1411 3722 1538 3763 rem
1585 3705 1846 3766 nondum
1894 3701 1973 3765 sit
2002 3712 2340 3764 assecutus.

171 3812 266 3875 Ita
312 3808 574 3894 loquitur
625 3808 663 3870 l.
701 3806 807 3871 49.
855 3806 925 3869 D.
967 3809 1037 3870 de
1067 3807 1143 3871 V.
1180 3807 1242 3871 S.
1281 3805 1417 3891 (50,
1458 3806 1633 3889 16.)=
1714 3809 1951 3887 „Bonis
1994 3809 2349 3870 adnumera-

172 3918 339 3981 bitur
368 3915 547 3978 etiam
579 3915 628 3979 si
661 3914 797 3997 quid
828 3923 922 3977 est
949 3914 1012 3977 in
1053 3914 1411 3993 actionibuS,
1460 3915 1868 3998 petitionibus,
1916 3912 2351 3999 persecutioni-

174 4025 371 4101 buS,“
419 4022 462 4084 l.
498 4021 604 4086 91.
641 4022 712 4086 D.
751 4023 927 4085 eod.:
978 4021 1300 4100 „Meorum
1350 4032 1412 4083 et
1455 4032 1687 4084 tuorum
1733 4021 2130 4105 appellatione
2160 4020 2351 4084 actio-

179 4151 287 4194 nes
320 4148 553 4215 quoque
585 4128 883 4192 contineri
917 4128 1227 4191 dicendum
1262 4135 1437 4204 est,“
1484 4127 1525 4189 1.
1566 4125 1712 4189 143.
1750 4127 1883 4190 eod.
1952 4127 2069 4204 „ld
2101 4127 2250 4213 apud
2283 4147 2349 4191 se

179 4236 311 4320 quis
352 4234 573 4298 babere
616 4235 892 4313 videtur,
952 4237 1023 4297 de
1069 4256 1182 4318 quo
1240 4233 1415 4296 habet
1460 4233 1793 4296 actionem:
1867 4232 2120 4297 habetur
2163 4235 2345 4312 enim,

179 4342 335 4425 quod
367 4342 488 4425 peti
521 4349 798 4425 potest,“
836 4352 897 4405 et
926 4342 969 4404 l.
1010 4341 1111 4404 15.
1140 4341 1211 4403 D.
1242 4341 1312 4402 de
1336 4341 1404 4402 R.
1428 4340 1483 4402 J.
1543 4339 1655 4418 „Is
1688 4339 1786 4422 qui
1820 4337 2110 4403 actionem
2144 4341 2345 4418 habet,

179 4449 256 4512 ad
285 4468 413 4512 rem
444 4448 937 4532 recuperandam,
970 4448 1159 4532 ipsam
1190 4466 1318 4510 rem
1351 4447 1571 4512 habere
1603 4447 1917 4511 videtur.“
1998 4446 2159 4528 Quae
2191 4448 2243 4511 si
2276 4448 2348 4510 ad

1896 4548 1936 4612 3
