2782 5052
1057 394 1660 459 *19*

273 583 560 660 ductoris,
596 583 649 645 is
680 572 1017 646 mercedem
1050 581 1262 661 debet3
1298 603 1368 644 ac
1400 582 1452 644 si
1483 593 1661 645 extra
1692 601 1985 666 personas
2015 583 2077 645 in
2108 601 2311 645 rerum
2340 605 2448 648 na-

272 699 408 753 tura
465 688 797 772 (objectiva
817 735 834 765 ,
897 689 1180 755 absolute
1230 688 1732 773 Unmiigle‘clzlceit
1773 691 1853 751 im
1894 688 2291 773 Gegensatze
2336 691 2451 754 der

269 797 686 879 subjectiven,
735 793 1073 882 relativam)
1116 795 1371 878 positum
1432 805 1525 857 est
1580 795 2103 879 impedimentum,
2152 797 2328 858 etiam
2374 797 2448 859 ad

274 904 697 965 conductorem
740 900 1113 983 obligationis
1159 901 1488 986 periculum
1533 902 1813 985 pertinet.
1887 901 2191 965 Hactenus
2231 902 2444 965 Wolff.

273 1009 424 1072 Mihi
480 1029 630 1072 vero
684 1008 829 1070 haec
872 1007 1172 1070 distinctio
1215 1029 1336 1070 non
1382 1009 1559 1070 modo
1603 1008 1865 1071 naturali
1906 1010 2139 1071 ratione
2186 1031 2254 1072 ac
2299 1031 2449 1073 vero

275 1115 565 1200 principio
597 1133 826 1192 carere,
853 1116 957 1177 sed
989 1115 1165 1176 etiam
1199 1113 1344 1197 ipsis
1367 1115 1521 1198 juris
1555 1114 1817 1178 fontibus
1850 1115 2156 1178 contraria
2184 1117 2445 1179 videtur.

275 1223 413 1285 Lex
445 1223 600 1284 enim
636 1218 739 1282 15.
776 1222 808 1304 ὃ
840 1219 905 1283 6.
941 1222 1015 1283 D.
1054 1221 1233 1283 locati
1265 1222 1372 1304 (cf.
1397 1242 1573 1304 supra
1604 1222 1635 1299 ἓ
1670 1219 1804 1303 14.)
1836 1222 2136 1304 proponit,
2167 1244 2297 1286 cum
2326 1223 2453 1305 qui-

279 1330 412 1392 dam
457 1348 610 1391 nave
642 1327 862 1390 amissa
891 1346 1140 1390 munere
1172 1326 1431 1390 vehendi
1463 1328 1702 1391 functus
1736 1349 1857 1390 non
1887 1327 2004 1407 sit,
2061 1349 2193 1390 eum
2225 1349 2454 1392 merce-

279 1436 411 1498 dem
451 1445 658 1519 petere
701 1456 820 1498 non
866 1454 1069 1519 posse.
1146 1433 1231 1496 lbi
1271 1434 1753 1515 impedimentum
1794 1444 2183 1496 memoratum
2229 1422 2349 1496 non
2394 1437 2455 1497 in

278 1544 406 1627 ipsa
434 1541 719 1605 locatoris
750 1561 1031 1626 persona,
1061 1540 1164 1603 sed
1197 1550 1376 1601 extra
1408 1559 1539 1602 eam
1569 1541 1850 1603 vertitur.
1899 1539 1977 1601 Et
2006 1541 2224 1623 porro!
2261 1542 2448 1619 Pone,

280 1669 449 1724 eum,
501 1650 595 1730 qui
644 1668 861 1731 operas
893 1646 1186 1709 locaverit
1215 1667 1354 1709 suas
1385 1647 1449 1708 in
1483 1647 1780 1709 domicilio
1812 1657 2046 1708 remoto
2080 1648 2455 1711 conductoris

279 1755 710 1839 praestandaS,
772 1752 978 1815 morbo
1035 1773 1380 1836 oppressum
1429 1753 1743 1835 repentino
1788 1753 2094 1837 impediri,
2142 1754 2456 1836 quominus

282 1861 710 1943 obligationem
742 1859 1021 1941 impleat,
1072 1879 1140 1920 ac
1170 1869 1482 1942 praeterea
1513 1860 1702 1942 finge,
1738 1860 2065 1923 locatorem
2086 1906 2103 1938 ,
2142 1864 2457 1943 quominus

281 1967 650 2043 satisfaciat,
686 1987 756 2029 eo
788 1965 1082 2049 impediri,
1120 1966 1276 2048 quod
1307 1976 1550 2049 propter
1577 1988 1849 2049 magnam
1884 1988 1953 2030 ac
1986 1967 2318 2031 diuturnam
2349 1968 2457 2030 flu-

281 2073 463 2138 minis
519 2072 966 2136 inundationem
1007 2073 1148 2136 illuc
1190 2073 1491 2157 proficisci
1546 2083 1836 2156 nequeat,
1886 2074 1987 2137 ubi
2032 2096 2244 2159 operas
2288 2097 2457 2159 prae-

280 2182 528 2244 standas
573 2178 926 2262 susceperit.
1015 2178 1152 2243 Non
1211 2178 1552 2264 intelligere
1611 2202 1852 2265 possum
1914 2183 2244 2260 rationem,
2308 2204 2457 2264 quae

283 2288 563 2364 evincat,
596 2298 660 2350 ut
688 2287 889 2371 priore
921 2308 1067 2350 casu
1097 2287 1325 2351 locator
1354 2287 1675 2369 impeditus
1725 2288 1815 2368 (in
1846 2289 1977 2371 ejus
2011 2288 2169 2350 enim
2201 2308 2460 2371 persona

284 2406 378 2457 est
423 2394 942 2477 impedimentum)
985 2394 1317 2455 mercedem
1363 2403 1566 2476 petere
1615 2413 1733 2453 non
1788 2391 1997 2474 possit,
2062 2393 2253 2455 altero
2310 2415 2458 2457 vero

285 2521 451 2579 casu,
505 2521 620 2582 quo
663 2500 1146 2584 impedimentum
1191 2499 1362 2561 adest
1406 2507 1586 2561 extra
1614 2518 1930 2582 personam
1964 2509 2023 2561 et
2054 2500 2210 2582 quod
2242 2500 2461 2564 dicitur

285 2607 643 2684 absolutum,
697 2606 910 2689 possit.
1002 2606 1322 2688 Utriusque
1361 2604 1558 2688 potius
1603 2605 1822 2688 speciei
1855 2605 1965 2668 hoc
1997 2627 2309 2670 commune
2340 2619 2455 2687 est,

287 2714 441 2795 quod
473 2713 603 2796 ipsa
636 2714 960 2795 praestatio
995 2713 1376 2797 prohibetur3
1421 2713 1749 2775 conductor
1792 2714 2258 2795 praestationem
2304 2715 2462 2777 acci-

286 2839 429 2903 pere
461 2819 623 2901 (sz'clz
654 2822 872 2883 lez'sten
902 2844 991 2884 zu
1021 2823 1255 2900 lassen)
1286 2830 1554 2904 promtus
1586 2827 1945 2903 paratusque
1980 2831 2107 2899 est,
2158 2842 2349 2904 neque
2382 2843 2464 2885 ex

289 2946 399 2989 sua
443 2926 683 2988 omnino
728 2936 893 3009 parte
937 2928 1158 3010 aliquid
1204 2928 1421 3005 obstat,
1473 2926 1577 2989 sed
1609 2925 1837 2989 locator
1868 2925 2083 2990 offerre
2115 2928 2465 3011 prohibetur

290 3053 542 3117 operas3
590 3033 1072 3116 impedimentum
1104 3056 1225 3097 non
1254 3035 1319 3098 in
1349 3035 1480 3119 ipsa
1509 3054 1766 3118 persona
1799 3034 1904 3096 sed
1934 3044 2133 3097 tamen
2166 3055 2250 3097 ex
2274 3045 2466 3121 parte

290 3140 586 3203 locator-is
629 3142 897 3219 exstitit,
948 3163 1142 3224 neque
1176 3143 1334 3204 enim
1366 3153 1607 3225 paratus
1640 3151 1771 3204 erat
1801 3141 1875 3204 ad
1908 3162 2120 3224 operas
2153 3151 2464 3224 praestan-

291 3245 434 3323 daS,
499 3247 636 3329 quia
679 3258 923 3331 paratus
967 3267 1104 3309 esse
1149 3266 1353 3308 rerum
1396 3258 1614 3308 natura
1654 3244 2103 3328 prohibebatur.
2198 3248 2464 3330 Utroque

290 3374 436 3417 casu
468 3353 638 3436 culpa
666 3352 767 3416 vel
798 3351 965 3414 dolus
998 3350 1200 3425 abfuit,
1249 3347 1500 3431 utroque
1546 3371 1693 3411 casu
1736 3352 1929 3433 major
1970 3352 2089 3427 viS,
2139 3352 2233 3413 cui
2262 3352 2466 3416 resisti

291 3480 411 3522 non
454 3466 710 3541 poterat,
757 3455 1176 3539 impedimento
1217 3455 1362 3532 fuit3
1412 3455 1569 3538 quod
1613 3455 1803 3518 altero
1850 3477 1993 3518 casu
2036 3457 2165 3538 ipsa
2207 3477 2465 3541 persona

291 3563 582 3628 locatoris
610 3563 673 3624 vi
701 3562 821 3625 ista
852 3571 1158 3645 occupata,
1194 3561 1386 3624 altero
1419 3583 1539 3625 non
1570 3574 1855 3646 occupata
1885 3574 2001 3640 est,
2047 3562 2106 3625 id
2136 3584 2257 3626 non
2279 3564 2460 3648 juris,

293 3670 401 3734 sed
445 3668 585 3732 facti
626 3678 855 3732 tantum
900 3678 1014 3742 est,
1078 3686 1190 3730 nec
1236 3667 1552 3750 quidquam
1595 3670 1668 3733 ad
1712 3670 2040 3754 periculum
2082 3670 2465 3753 obligationis

293 3778 432 3840 huic
463 3776 718 3840 alterive
747 3773 1167 3859 imponendum
1197 3787 1399 3861 potest
1427 3777 1651 3840 valere.

424 3872 429 3877 ’
468 3886 502 3968 §
551 3881 653 3946 16.
747 3881 824 3945 Ut
864 3882 1072 3966 igitur,
1123 3884 1279 3965 quod
1317 3884 1507 3946 adhuc
1554 3883 1982 3960 demonstravi,
2043 3893 2331 3966 repetam,
2382 3883 2467 3946 ita

294 4012 395 4055 res
426 4009 564 4055 sese
595 3989 816 4052 habere
849 3988 1116 4052 videtur:
1165 4010 1357 4073 neque
1391 3991 1547 4073 quod
1577 3987 2004 4052 Miihlenbruch
2051 3999 2134 4067 et,
2185 3989 2284 4071 qui
2331 4008 2465 4052 eum

297 4109 644 4179 sequuntur,
687 4096 1087 4160 contendunt:
1135 4117 1374 4181 semper
1406 4096 1610 4160 deberi
1641 4117 1677 4157 a
1707 4096 2069 4158 conductore
2102 4097 2461 4176 mercedem,

299 4225 433 4267 cum
475 4204 606 4268 sine
652 4204 821 4287 culpa
861 4203 1092 4266 locator
1133 4191 1451 4285 impeditus
1497 4203 1609 4278 sit,
1662 4221 1850 4284 neque
1882 4201 2032 4283 quod
2063 4201 2261 4265 Wolff
2296 4203 2463 4281 dicit,

300 4309 636 4392 ubicunque
677 4309 1157 4392 impedimentum
1204 4331 1326 4372 non
1369 4308 1435 4371 in
1488 4310 1619 4393 ipsa
1676 4328 1935 4393 persona
1987 4301 2267 4373 locatoris
2328 4330 2466 4373 ver-

302 4426 487 4491 tatur,
535 4415 867 4478 mercedem
899 4415 1128 4494 deberi,
1163 4434 1369 4479 verum
1404 4425 1517 4478 est.
1612 4416 1727 4479 Sed
1756 4416 1841 4480 ita
1871 4414 2065 4498 potius
2098 4416 2467 4498 distinguen-

1977 4516 2053 4582 2.
