2782 5052
1190 281 1789 346 -38—

405 492 439 534 a
469 468 644 533 bonis
677 460 991 552 patris“²)
1022 466 1303 551 scriptum
1334 467 1613 552 legimus,
1658 468 1746 532 ita
1776 468 1891 533 dici
1920 478 2155 552 potest:
2201 489 2305 533 res
2337 469 2612 534 vendita

405 599 441 640 a
470 575 641 639 bonis
671 572 1005 639 venditoris
1035 572 1329 637 abscessit
1357 586 1535 658 atque
1567 575 1639 638 ad
1671 586 1959 639 emtorem
1990 577 2288 660 pervenit.
2367 577 2611 656 Quem-

407 682 718 746 admodum
771 679 1024 762 denique
1065 678 1108 742 l.
1163 677 1266 742 10.
1318 681 1351 762 §
1384 681 1447 743 2.
1483 681 1557 743 D.
1592 681 1664 745 de
1699 683 1841 767 jure
1872 682 1995 745 dot.
2032 681 2169 764 (23,
2205 682 2296 766 3),
2334 684 2388 747 si
2421 683 2609 750 servi

409 788 638 852 dotales
671 786 940 849 subolem
973 784 1289 864 ediderint,
1324 787 1524 850 mariti
1556 789 1784 851 lucrum
1815 810 1935 852 non
1968 809 2127 869 esse,
2165 789 2289 854 etl.
2317 790 2385 853 7.
2422 791 2598 874 512.

409 894 482 957 D.
518 893 630 958 sol.
668 902 846 956 matr.
883 893 1017 976 (24,
1053 891 1123 974 3)
1156 903 1380 977 partem
1417 892 1713 957 dimidiam
1750 895 2019 959 thesauri
2066 896 2126 959 in
2171 898 2356 960 fundo
2402 895 2600 960 dotali

408 1023 444 1064 a
489 999 704 1063 marito
744 998 975 1063 inventi
1017 999 1451 1065 restituendam
1495 1020 1670 1077 esse,
1720 1004 1910 1087 quasi
1950 1003 2016 1064 in
2075 1003 2279 1066 alieno
2322 1002 2591 1082 inventi,

409 1115 717 1171 statuunt:
767 1104 855 1171 sie
886 1116 1117 1190 partum
1148 1106 1403 1170 ancillae
1452 1117 1514 1169 et
1557 1106 1901 1170 thesaurum
1934 1108 2194 1190 perfecta
2238 1108 2594 1172 venditione

408 1214 720 1278 inventum
753 1213 890 1296 (pro
914 1222 1082 1295 parte
1101 1211 1375 1296 dominii)
1409 1213 1478 1275 ad
1511 1211 1664 1276 bona
1694 1212 1939 1275 emtoris
1971 1213 2275 1296 pertinere
2297 1213 2586 1277 vidimuS.

581 1322 614 1403 ς
659 1316 764 1381 32.
857 1316 1095 1402 Duplex
1138 1337 1274 1380 esse
1321 1317 1617 1383 venditori
1659 1319 1995 1401 praestandi
2041 1319 2298 1383 officium
2347 1321 2591 1403 saepius

403 1429 528 1514 jam
559 1424 924 1489 memoravi:
977 1445 1179 1500 unum,
1217 1424 1372 1506 quod
1403 1424 1467 1487 in
1499 1425 1633 1508 ipsa
1664 1425 1928 1509 perfecta
1957 1425 2218 1489 emtione
2238 1418 2591 1490 venditione

409 1533 737 1618 repositum
771 1543 885 1609 est,
922 1531 1197 1608 alterum,
1234 1530 1387 1611 quod
1419 1530 1484 1593 in
1515 1551 1587 1594 eo
1613 1530 1911 1608 consistit,
1948 1541 2016 1594 ut
2036 1531 2399 1595 evictionem
2417 1553 2591 1617 prae-

412 1649 552 1703 stet.
633 1640 797 1719 Quae
840 1637 1167 1722 praestatio
1209 1636 1492 1718 quoniam
1538 1637 1876 1721 negativam
1916 1638 2089 1701 modo
2121 1637 2300 1701 habet
2327 1638 2481 1716 vim,
2529 1638 2590 1701 in

412 1746 957 1809 considerationem
986 1765 1107 1807 non
1140 1743 1454 1827 pervenit,
1497 1743 1618 1807 nisi
1647 1744 1881 1826 quando
1928 1744 2340 1810 controversia
2374 1745 2586 1809 emtori

413 1864 575 1916 mota
615 1872 715 1916 res
767 1870 910 1916 vere
955 1849 1153 1914 evicta
1194 1860 1306 1913 est.
1388 1849 1651 1916 Simulac
1690 1850 1934 1915 veroin
1976 1851 2396 1914 controversia
2429 1861 2586 1914 mota

415 1970 519 2022 aut
551 1958 742 2023 victus
786 1967 1014 2035 emtor,
1062 1967 1166 2020 aut
1204 1957 1318 2041 ipsi
1362 1957 1667 2021 venditori
1707 1959 1837 2043 jam
1877 1966 2016 2020 ante
2061 1956 2450 2020 traditionem
2492 1978 2586 2020 res

415 2065 611 2129 evicta
641 2061 797 2148 est¹)
835 2066 1056 2146 (neque
1089 2065 1246 2127 enim
1276 2065 1336 2127 id
1368 2064 1698 2146 quaeritur,
1746 2074 1944 2127 utrum
1985 2074 2127 2126 ante
2171 2084 2246 2126 an
2290 2074 2429 2148 post
2470 2075 2589 2127 tra-

411 2171 698 2235 ditionem
730 2170 1043 2235 evincatur
1070 2190 1207 2249 res3
1256 2170 1596 2234 traditionis
1640 2181 1809 2234 actus
1853 2170 2030 2233 etiam
2075 2169 2167 2233 hic
2214 2191 2463 2253 prorsus
2505 2172 2593 2234 in-

415 2277 696 2344 differens
728 2278 929 2359 est!):
980 2276 1095 2340 dici
1142 2287 1401 2361 oportet,
1452 2277 1821 2341 venditorem
1865 2275 2210 2359 obligationi
2250 2299 2373 2341 non
2416 2279 2587 2341 satis-

414 2379 700 2465 fecisse2)
752 2393 812 2446 et
851 2382 1164 2467 impediri,
1228 2383 1543 2465 quominus
1596 2403 1726 2446 eam
1782 2383 2059 2467 impleat,
2138 2384 2416 2466 quoniam
2469 2405 2588 2447 non

413 2490 733 2577 praestitit,
780 2501 846 2555 ut
891 2511 1015 2555 rem
1059 2490 1272 2558 emtori
1317 2488 1536 2554 habere
1579 2490 1794 2571 liceat,
1844 2509 2024 2573 quare
2069 2490 2179 2554 hoc
2222 2510 2368 2554 casu
2414 2491 2589 2555 emtio

413 2596 681 2663 venditio
714 2597 1123 2683 exstinguitur
1153 2609 1211 2661 et
1242 2598 1499 2682 pretium
1528 2596 1962 2661 restituendum
1997 2606 2112 2673 est,
2152 2617 2404 2680 „neque
2435 2598 2589 2660 enim

414 2704 606 2768 bonae
652 2704 786 2768 fidei
832 2714 1171 2769 contractus
1215 2702 1326 2768 hac
1367 2704 1592 2788 patitur
1633 2706 2066 2781 conventione,
2117 2714 2182 2766 ut
2223 2714 2420 2768 emtor
2465 2724 2589 2767 rem

417 2811 722 2874 amitteret
753 2820 813 2873 et
842 2811 1092 2893 pretium
1124 2812 1408 2875 venditor
1436 2811 1811 2874 retineret.“
1831 2805 1889 2893 ³)

590 2916 623 2998 g
671 2914 775 2977 33.
865 2917 993 2979 Jam
1023 2916 1210 3000 igitur
1239 2919 1683 3002 circumspectis
1713 2917 1891 2980 rebus
1926 2915 2197 2980 omnibus
2227 2917 2592 2980 rationibus·

419 3043 531 3105 que
573 3021 879 3085 subductis
926 3022 1038 3086 dici
1080 3022 1289 3087 debet:
1337 3024 1400 3087 in
1434 3023 1692 3087 emtione
1734 3021 2107 3100 venditione,
2154 3041 2510 3105 quamquam
2537 3020 2592 3083 id

417 3129 654 3212 quidem
684 3149 804 3191 non
836 3128 1075 3192 dubium
1107 3139 1222 3208 est,
1257 3129 1399 3213 quin
1429 3142 1567 3194 ante
1585 3151 1708 3193 rem
1732 3129 2009 3193 traditam
2036 3129 2411 3213 pretiumque
2437 3127 2594 3191 solu·

419 3248 543 3302 tum
575 3237 704 3321 ipso
728 3237 869 3321 jure
900 3235 1225 3301 dominium
1266 3238 1339 3301 ad
1386 3248 1677 3301 emtorem
1709 3257 1830 3301 non
1860 3245 2163 3313 transeat,
2208 3234 2364 3298 idem
2399 3245 2592 3298 tamen

417 3346 665 3422 valere,
730 3343 884 3427 quod
926 3342 990 3405 in
1030 3342 1322 3407 locatione
1367 3344 1763 3407 conductione
1801 3342 1961 3428 juris
2004 3360 2138 3404 esse
2187 3340 2591 3425 probavimus,

417 3451 673 3535 ideoque
716 3451 877 3514 illam
927 3449 1177 3513 fontium
1222 3450 1583 3514 sententiam
1614 3450 1927 3516 admodum
1959 3449 2195 3513 tritam:
2241 3447 2596 3510 locationem

398 3561 484 3621 *et
514 3557 968 3629 conductionem
1001 3555 1337 3642 proximam
1370 3576 1509 3620 esse
1541 3556 1788 3621 emtioni
1818 3567 1880 3620 et
1907 3554 2241 3622 venditioni
2269 3552 2597 3635 iisdemque

559 3896 616 3961 2)
653 3894 716 3946 L.
754 3896 843 3953 28,
896 3894 956 3946 D.
999 3895 1059 3946 de
1099 3903 1270 3960 negot.
1310 3903 1442 3961 gest,
1485 3895 1561 3960 (3,
1593 3893 1674 3960 5)=
1724 3892 1824 3959 „ld
1860 3893 1909 3945 ei
1948 3892 2130 3943 abesse
2164 3889 2388 3954 videtur,
2429 3888 2482 3939 in
2507 3902 2598 3954 quo

423 3981 677 4046 obligatus
703 3981 847 4031 est.“
911 3979 994 4031 Cf.
1024 3982 1175 4032 etiam
1204 3996 1358 4049 supra
1382 3980 1407 4046 ξ
1435 3982 1521 4032 28.

564 4068 617 4133 1)
656 4066 719 4119 L.
749 4067 834 4119 33.
865 4065 928 4116 D.
960 4067 1019 4117 de
1045 4070 1197 4118 evict.
1228 4068 1338 4135 (21,
1365 4066 1445 4133 ⁶2).
1482 4094 1548 4103 —
1595 4065 1650 4129 2)
1687 4063 1757 4115 cf.
1785 4062 2056 4128 willer,
2107 4061 2279 4113 Lchre
2317 4061 2408 4111 des
2445 4058 2598 4111 mfm.

419 4151 612 4204 Rechts
639 4168 687 4201 υ.
730 4153 782 4203 d.
812 4153 1060 4204 Eviclion
1098 4171 1146 4220 p.
1177 4154 1226 4209 7,
1297 4153 1441 4217 „De'e
1474 4148 1860 4217 Regressktage
1894 4150 1984 4199 des
2020 4147 2387 4213 Empsc‘z‘ngers
2425 4158 2600 4210 wegen

419 4239 666 4290 Eviction
688 4238 931 4308 griinclet
953 4240 1069 4289 siclt
1095 4240 1206 4305 aus
1220 4239 1319 4289 den
1362 4238 1553 4290 recktl.
1587 4235 2001 4302 Gesiclztspunltt
2038 4235 2136 4285 der
2156 4231 2600 4299 Niclztcrsic'llung

421 4324 510 4373 des
537 4324 871 4389 Vertrags.‘'·
899 4352 964 4361 —-
991 4325 1046 4391 3)
1074 4325 1111 4374 1.
1148 4325 1227 4376 11.
1257 4323 1284 4389 ξ
1316 4325 1400 4377 18.
1429 4323 1490 4375 D.
1523 4323 1583 4373 de
1609 4330 1712 4372 act.
1740 4322 1892 4374 vend.
1925 4321 2035 4388 (19,
2068 4319 2143 4386 1).
