2782 5052
1140 280 1737 344 -24—

354 469 504 534 nihil
547 468 707 532 aliud
744 469 902 554 juris
933 468 1164 547 valere,
1215 491 1388 553 quam
1422 470 1577 552 quod
1609 469 1682 532 de
1712 467 1931 532 ceteris
1961 468 2181 532 mutuis
2211 471 2532 534 contracti-

353 576 465 640 bus
526 576 818 639 sancitum
880 594 1016 640 esse
1066 576 1228 660 juris
1287 575 1642 660 principium
1702 575 2275 655 demonstravimus3
2338 576 2532 639 eidem

353 682 600 768 regulae
630 693 690 745 et
721 681 1076 745 locationem
1111 693 1172 744 et
1203 683 1521 746 emtionem
1554 681 1851 746 obnoxias
1882 703 2038 747 esse.

524 788 616 850 Ad
646 789 800 871 quod
833 788 1247 871 exponendum
1280 789 1616 873 priusquam
1649 789 2024 866 accedamus,
2056 809 2160 852 eas
2185 789 2353 871 leges
2373 789 2532 874 juris

330 894 629 972 Romani,
690 915 839 977 quae
871 895 944 958 ad
974 905 1243 958 nostram
1275 916 1514 958 causam
1544 895 1866 978 pertinent,
1918 917 2343 979 proponemus,
2398 895 2533 958 dein

353 1021 527 1079 vero,
564 1000 756 1083 qualis
789 1020 994 1063 earum
1026 1001 1106 1063 sit
1134 1001 1228 1065 vis
1260 1022 1330 1063 ac
1359 1000 1544 1078 ratio,
1581 1001 1921 1063 accuratius
1951 1000 2456 1085 percontabimur.

528 1109 562 1190 ἓ
608 1103 715 1172 20.
807 1106 1060 1189 Propter
1102 1106 1145 1168 l.
1183 1104 1283 1170 33.
1329 1108 1403 1169 D.
1453 1106 1629 1170 locati
1673 1116 1734 1169 et
1779 1107 1939 1190 legg.
1992 1105 2290 1169 12-14,
2335 1107 2408 1168 D.
2459 1106 2534 1168 de

355 1214 537 1299 peric.
571 1212 663 1276 rei
692 1212 874 1275 vend.
911 1222 972 1275 et
1004 1212 1156 1275 trad.
1193 1214 1403 1290 fuisse,
1451 1213 1551 1295 qui
1583 1213 2038 1289 contenderent,
2086 1213 2413 1297 periculum
2442 1213 2538 1276 rei

356 1341 441 1384 ex
469 1331 737 1401 tempore
769 1318 1110 1382 traditionis
1143 1319 1375 1382 demum
1408 1319 1481 1381 ad
1514 1329 1803 1382 emtorem
1826 1320 2153 1402 pertinere,
2187 1329 2365 1382 antea
2385 1314 2534 1382 vero

356 1427 431 1489 ad
471 1424 871 1503 venditorem,
921 1435 1098 1507 atque
1144 1426 1294 1488 hanc
1336 1426 1698 1488 sententiam
1744 1426 1920 1489 simul
1960 1446 2044 1488 ex
2085 1425 2402 1507 aequitatis
2434 1445 2536 1487 ra-

358 1531 521 1595 tione
553 1532 846 1594 deducere
879 1533 1213 1609 studerent,
1262 1532 1410 1594 satis
1457 1543 1711 1595 constat.
1801 1531 2207 1596 Nihilominus
2241 1541 2299 1592 et
2331 1552 2538 1613 quam-

357 1659 532 1719 quam
580 1638 743 1720 leges
789 1637 929 1700 illae
973 1637 1163 1721 primo
1210 1648 1534 1722 conspeetu
1575 1649 1964 1702 memoratam
2009 1639 2365 1701 sententiam
2397 1659 2536 1721 pro-

355 1744 500 1808 bare
542 1744 848 1821 videntur,
912 1752 1110 1806 tamen
1167 1743 1306 1806 inde
1366 1743 1438 1806 ab
1499 1745 1660 1808 omni
1719 1753 1983 1828 tempore
2026 1745 2357 1808 communis
2406 1755 2538 1806 erat

359 1852 668 1915 doctorum
713 1868 901 1932 eaque
942 1850 1168 1912 rectior
1206 1851 1528 1926 sententia,
1593 1852 1857 1932 perfecta
1901 1851 2161 1913 emtione
2210 1851 2537 1935 periculum

359 1956 434 2020 ad
478 1967 766 2018 emtorem
808 1955 1112 2039 respicere
1156 1966 1216 2018 et
1257 1966 1398 2018 ante
1432 1956 1809 2019 traditionem
1840 1977 1910 2020 re
1940 1967 2207 2041 peremta
2236 1956 2536 2019 nihilomi-

359 2084 473 2126 nus
505 2063 751 2126 emtoris
783 2062 1207 2145 obligationem
1237 2062 1415 2145 pretii
1446 2063 1739 2145 pendendi
1771 2075 1957 2127 stare.
2048 2062 2186 2127 Non
2232 2063 2399 2126 locus
2445 2063 2537 2124 hic

358 2180 476 2247 est,
523 2170 958 2247 demonstrare,
1008 2168 1491 2252 quemadmodum
1523 2169 1686 2251 leges
1714 2169 1874 2247 illae,
1926 2191 2072 2252 quas
2106 2170 2280 2232 modo
2313 2189 2538 2231 memo-

358 2276 514 2354 ravi,
564 2298 694 2339 cum
728 2276 947 2340 ceteris
978 2276 1230 2339 fontium
1263 2276 1436 2339 dictis
1468 2274 1702 2359 possint
1732 2275 2064 2354 conciliari,
2116 2275 2236 2337 alia
2281 2274 2354 2338 ab
2400 2274 2534 2338 aliis

357 2383 876 2467 interpretationis
920 2385 1074 2446 facta
1115 2392 1257 2447 sunt
1300 2372 1603 2466 pericula,
1669 2394 1938 2446 nostrum
1983 2383 2095 2446 hoc
2139 2392 2367 2444 tantum
2414 2390 2528 2458 est,

358 2491 626 2575 regulam
658 2489 827 2555 brevi
858 2490 1184 2554 declarare.

530 2599 609 2661 Et
639 2598 734 2661 hio
763 2609 903 2661 ante
935 2599 1205 2662 omnial.
1226 2596 1290 2661 8.
1327 2598 1402 2661 D.
1439 2597 1511 2660 de
1542 2597 1727 2681 peric.
1763 2598 1854 2661 rei
1881 2553 2064 2662 vend.
2099 2596 2237 2683 (18,
2259 2595 2329 2679 6)
2366 2594 2535 2658 nobis

356 2705 641 2785 occurrit,
691 2727 806 2788 qua
835 2705 1055 2768 Paulus
1102 2705 1174 2769 de
1217 2704 1565 2787 quaestione
1608 2714 1818 2767 nostra
1861 2724 1941 2767 ex
1982 2704 2277 2787 professo,
2342 2713 2407 2765 ut
2449 2701 2537 2764 ita

361 2812 575 2886 dicam,
612 2811 797 2874 verba
826 2812 1051 2875 faciens
1084 2812 1169 2874 sic
1197 2810 1442 2894 incipit:
1495 2809 1908 2888 „Necessario
1936 2810 2265 2886 sciendum,
2302 2808 2535 2892 quando

360 2918 622 3001 perfecta
653 2916 734 2979 sit
764 2917 969 2995 emtio,
1006 2927 1145 2979 tunc
1177 2918 1336 2980 enim
1368 2917 1653 2996 sciemuS,
1690 2918 1860 3001 cujus
1882 2915 2210 2998 periculum
2232 2916 2333 2978 sit.
2380 2914 2538 2978 Nam

361 3023 629 3106 perfecta
680 3022 939 3087 emtione
994 3017 1318 3108 periculum
1363 3024 1438 3086 ad
1481 3036 1772 3086 emtorem
1814 3022 2180 3106 respiciet.“
2270 3021 2538 3084 Eandem

360 3125 600 3193 firmant
643 3129 1001 3192 sententiam
1045 3129 1173 3213 ipse
1204 3130 1425 3193 Paulus
1456 3130 1517 3191 in
1555 3130 1597 3191 1.
1635 3128 1740 3192 34.
1777 3131 1810 3212 5
1843 3127 1906 3191 6.
1943 3129 2015 3192 D.
2053 3130 2124 3191 de
2156 3138 2350 3191 contr.
2389 3136 2531 3188 emt.

361 3232 496 3317 (18,
523 3233 615 3312 1),
647 3232 965 3299 Africanus
998 3236 1058 3299 in
1090 3237 1131 3299 l.
1155 3235 1259 3301 39.
1286 3237 1357 3298 D.
1385 3236 1458 3302 de
1481 3236 1663 3298 solut.
1702 3246 1763 3299 et
1791 3235 2027 3299 liberat.
2067 3232 2200 3317 (46,
2223 3232 2316 3317 3),
2354 3233 2536 3295 Gaius

357 3340 422 3403 in
454 3338 624 3405 l.35.
662 3343 694 3425 §
726 3342 788 3403 4.
818 3338 897 3405 D.
936 3342 1007 3406 de
1040 3354 1234 3405 contr.
1271 3352 1444 3420 emt.,
1481 3341 1768 3425 Ulpianus
1798 3340 1861 3403 in
1891 3341 1934 3402 l.
1974 3340 2034 3403 1.
2071 3362 2190 3424 pr.,
2227 3339 2269 3401 l.
2305 3340 2369 3401 4.
2406 3340 2438 3421 §
2472 3337 2530 3400 1.

362 3447 436 3508 D.
474 3447 544 3509 de
575 3448 758 3530 peric.
796 3460 857 3512 et
887 3470 1101 3511 comm.
1137 3447 1273 3534 (18,
1297 3446 1364 3532 6)
1401 3458 1461 3511 et
1490 3448 1658 3510 1.14.
1696 3448 1728 3530 §
1764 3445 1824 3510 1.
1859 3448 1932 3509 D.
1969 3448 2041 3509 de
2072 3447 2246 3509 furtis
2281 3444 2530 3527 (47‚2),

361 3552 709 3635 quibuscum
741 3555 773 3636 §
805 3551 868 3616 3.
905 3553 953 3622 I.
990 3555 1063 3617 de
1095 3564 1236 3618 emt.
1273 3554 1453 3617 vend.
1491 3551 1583 3634 (3,
1617 3552 1729 3636 23)
1774 3563 1835 3616 et
1863 3553 2022 3638 legg.
2067 3552 2123 3614 1.
2159 3551 2350 3615 4-6.
2386 3551 2530 3613 Cod.

363 3659 435 3721 de
466 3658 648 3741 peric.
687 3670 748 3721 et
776 3680 982 3721 comm.
1034 3658 1127 3737 (4,
1163 3657 1276 3744 48)
1323 3661 1779 3744 conjungendae
1822 3670 1985 3723 sunt.
2078 3657 2283 3740 Itaque
2326 3668 2383 3719 et
2425 3677 2533 3719 nos

361 3765 597 3847 quidem
630 3786 711 3829 ex
741 3786 812 3828 ea
843 3766 1146 3830 sententia
1174 3766 1407 3829 initium
1440 3766 1775 3830 disserendi
1805 3765 2129 3848 capiemus.

532 3873 565 3954 ξ
609 3871 717 3935 21.
798 3872 1045 3950 Eorum,
1082 3872 1180 3955 qui
1211 3872 1621 3955 quaestionem
1652 3883 1918 3937 nostram
1945 3855 2138 3935 adhuc
2168 3880 2527 3946 tractavere,

360 3976 578 4039 haecce
610 3986 703 4040 est
731 3977 1149 4042 ratiocinatio:
1188 3977 1509 4063 Obligatio,
1546 3999 1718 4061 quam
1750 3979 2031 4042 venditor
2059 3977 2331 4059 suscipit,
2365 3976 2430 4038 in
2461 3995 2531 4038 eo

359 4082 656 4160 consistit,
708 4094 773 4145 ut
817 4084 1037 4154 mercis
1081 4085 1297 4153 emtori
1338 4106 1590 4149 vacuam
1633 4086 2074 4169 possessionem
2107 4084 2306 4146 tradat
2336 4094 2397 4145 et
2426 4082 2528 4161 ita,

358 4197 425 4250 ut
469 4187 687 4251 habere
731 4210 862 4253 eam
907 4191 1124 4269 liceat3
1197 4210 1382 4274 quare
1444 4190 1729 4275 duplicem
1791 4190 2255 4274 praestationem
2312 4188 2533 4271 imponi

358 4279 684 4372 venditori,
731 4296 922 4386 primo
967 4296 1359 4361 traditionem·
1390 4297 1485 4360 rei
1527 4297 1831 4377 venditae,
1882 4296 2093 4361 deinde
2126 4305 2190 4359 ut
2221 4294 2531 4359 evictionis

104 4703 357 4953 t..
432 4921 489 4952 Ἠ..
