2782 5052
982 334 1581 399 *13*

181 523 315 587 rius
360 534 453 587 est
495 524 669 605 quasi
713 523 1156 607 compensatio,
1202 523 1513 607 reciproca
1557 534 1650 588 est
1693 522 2002 605 utriusque
2047 522 2355 607 obligatio,

182 629 470 694 utralibet
499 628 675 692 alteri
704 649 968 707 annexa,
1005 640 1377 712 utracunque
1410 649 1492 693 ex
1523 631 1713 693 altera
1743 630 2032 714 pendens.

359 755 393 838 ἓ
445 750 546 820 10.
641 751 866 831 Quibus
897 752 1205 837 perpensis
1236 752 1297 815 id
1327 763 1523 816 tamen
1552 754 2167 833 animadvertendum,
2196 757 2361 821 locos

181 861 474 944 quosdam
495 859 785 938 inveniri,
814 858 936 935 ubi,
965 859 1236 941 quamvis
1262 859 1613 934 conductor,
1637 860 1952 942 quominus
1978 879 2048 922 re
2075 863 2362 925 conducta

182 969 456 1044 fruatur,
506 965 898 1051 impediatur,
949 965 1304 1029 locationem
1350 977 1632 1030 constare
1674 966 2059 1029 constitutum
2093 978 2209 1030 est.
2274 968 2363 1031 Ita

180 1074 229 1136 l.
265 1070 375 1135 61.
410 1073 442 1151 §
477 1072 535 1136 1.
590 1074 665 1134 D.
702 1072 880 1134 locati
910 1071 982 1133 ab
1015 1091 1113 1149 eo,
1134 1072 1234 1154 qui
1264 1092 1479 1136 navem
1511 1072 1869 1135 conduxerit
1898 1074 1972 1136 ad
2003 1076 2361 1137 frumentum

181 1200 363 1242 suum
403 1179 925 1263 transportandum
945 1225 963 1256 ,
1007 1178 1059 1241 si
1090 1199 1242 1242 onus
1274 1178 1594 1243 commisso
1626 1178 1920 1242 sublatum
1951 1191 2362 1265 transportare

184 1296 248 1348 et
279 1286 351 1348 ad
381 1286 441 1348 id
473 1286 614 1350 navi
646 1295 901 1368 nequeat
929 1284 1041 1359 uti,
1066 1285 1449 1349 nihilominus
1485 1285 1808 1349 locatorem
1834 1298 2112 1351 vecturas
2136 1289 2365 1352 utiliter

185 1392 437 1474 exigere
480 1392 709 1455 statuit.
772 1393 848 1454 Et
890 1402 1056 1455 recte
1101 1392 1161 1454 id
1208 1392 1480 1474 quidem3
1534 1392 1688 1475 quod
1720 1393 1877 1454 enim
1909 1393 2191 1457 locatoris
2224 1396 2356 1471 fuit,

185 1520 221 1561 a
251 1520 358 1562 sua
380 1510 547 1582 parte
578 1499 630 1563 is
661 1498 1004 1583 praestitit:
1040 1518 1290 1561 vacuam
1325 1499 1769 1582 possessionem
1790 1498 2156 1582 liberamque
2189 1502 2361 1564 navis

185 1616 577 1688 potestatem3
641 1605 757 1668 sibi
805 1605 1020 1668 habeat
1075 1606 1431 1682 conductor,
1477 1605 1532 1669 si
1586 1605 2009 1688 impedimento
2055 1606 2127 1668 ab
2176 1606 2363 1689 ipsius

185 1722 358 1794 parte
389 1712 809 1796 proficiscente
838 1731 947 1794 per
978 1732 1112 1774 eum
1141 1711 1329 1789 stetit,
1371 1711 1685 1794 quominus
1719 1712 1977 1775 oblatam
2006 1713 2363 1797 praestatio-

184 1838 326 1880 nem
359 1816 639 1900 accipiat,
676 1816 776 1879 vel
804 1817 1046 1879 omnino
1078 1819 1347 1902 accipere
1381 1819 1591 1901 possit.
1650 1818 1716 1880 In
1751 1840 1924 1900 quam
1958 1820 2193 1903 quidem
2225 1842 2365 1887 sen-

174 1925 435 1988 tentiam
467 1924 647 1988 etiam
678 1925 720 1986 l.
755 1924 864 1990 27.
899 1926 931 2004 ἕ
965 1925 1026 1988 1.
1075 1926 1147 1987 D.
1183 1924 1365 1987 locati
1396 1925 1748 1987 attrahenda
1779 1946 1914 1988 esse
1944 1926 2219 2006 videtur,
2267 1950 2363 1993 se-

185 2033 444 2095 eundum
487 2054 661 2115 quam
706 2031 757 2095 si
788 2032 918 2115 quis
952 2031 1182 2095 timoris
1214 2052 1335 2095 non
1358 2031 1512 2116 justi
1543 2052 1722 2094 causa
1753 2033 2062 2115 emigrarit
2083 2081 2100 2112 ,
2148 2035 2364 2100 nihilo-

186 2139 385 2203 minus
414 2140 746 2203 mercedem
778 2139 990 2219 debet3
1036 2139 1519 2222 impedimentum
1554 2139 1745 2215 enim,
1784 2141 1938 2221 quod
1968 2141 2030 2203 iu
2061 2142 2190 2225 ipsa
2222 2164 2364 2207 con-

186 2246 451 2309 ductoris
483 2266 740 2329 persona
771 2246 1067 2324 occurrit,
1114 2266 1233 2307 non
1265 2245 1584 2327 respicitur
1603 2292 1619 2322 ,
1672 2245 1818 2308 nihil
1846 2246 2006 2311 valet
2034 2247 2108 2309 ad
2139 2249 2362 2332 obliga-

189 2354 369 2415 tionis
402 2373 627 2415 nexum
661 2351 1190 2437 exstinguendum.
1244 2351 1467 2414 Eorum
1498 2351 1657 2429 ideo,
1693 2371 1844 2433 quae
1874 2352 2062 2415 adhuc
2092 2357 2366 2438 exposita

188 2480 232 2522 a·
272 2461 442 2524 nobis
488 2469 663 2537 sunt,
713 2478 944 2522 summa
989 2457 1207 2521 haecce
1240 2466 1368 2519 est:
1418 2457 1481 2518 in
1512 2456 1809 2519 locatione
1842 2458 2237 2523 conductione
2268 2482 2364 2523 re-

184 2590 316 2630 rum
339 2616 356 2647 ,
403 2567 495 2645 si,
541 2566 697 2648 quod
741 2564 1023 2628 locatoris
1054 2555 1148 2627 est
1178 2575 1524 2648 praestare,
1570 2584 1773 2627 rerum
1805 2577 2022 2629 natura
2050 2567 2367 2652 impeditur

187 2676 352 2760 (sine
397 2673 519 2736 ulla
564 2672 735 2755 culpa
765 2671 1041 2757 morave)
1065 2718 1082 2749 ,
1129 2681 1291 2734 totus
1323 2692 1521 2734 nexus
1554 2670 1845 2752 solvitur3
1891 2673 1984 2736 sin
2017 2684 2214 2736 autem
2246 2698 2366 2738 non

182 2781 321 2866 ipsa
360 2779 687 2864 praestatio
708 2825 725 2857 ,
772 2780 877 2842 sed
923 2781 1051 2864 ejus
1095 2778 1422 2863 acceptatio
1455 2790 1515 2841 et
1545 2799 1689 2842 usus
1721 2799 1755 2840 a
1786 2789 1954 2861 parte
1988 2780 2365 2845 conductoris

184 2887 571 2973 prohibetur,
634 2896 867 2949 constat
927 2887 1208 2970 obligatio
1258 2885 1629 2949 conductoris
1674 2886 1967 2950 mercedis
2013 2887 2358 2963 solvendae.

187 2995 346 3057 Tota
386 2994 571 3077 igitur
599 2994 662 3055 in
694 3012 765 3055 eo
794 3012 895 3056 res
925 2994 1186 3058 vertitur
1205 3041 1222 3073 ,
1269 3004 1336 3056 ut
1367 2994 1598 3057 locator
1627 2994 1976 3057 conductori
2006 3005 2362 3079 potestatem

188 3101 372 3165 faciat
398 3120 467 3163 re
497 3099 723 3163 utendi.

359 3227 393 3310 ἓ
440 3225 544 3289 11.
638 3227 714 3290 Π.
778 3226 880 3289 De
926 3228 1241 3288 locatione
1282 3224 1690 3285 conductione
1732 3243 2088 3306 operarum.
2155 3222 2221 3285 In
2254 3225 2364 3286 hoc

189 3345 501 3397 contractu
548 3334 820 3416 quaestio
868 3339 1116 3407 nostra,
1161 3327 1351 3390 altera
1395 3327 1797 3409 praestatione
1839 3326 2114 3409 impedita
2165 3337 2363 3389 utrum

187 3449 531 3504 contractus
578 3447 812 3500 constet
839 3457 915 3498 an
948 3433 1369 3515 extinguatur,
1423 3453 1544 3494 non
1574 3441 1693 3493 tam
1724 3431 1981 3514 simplex
2010 3431 2365 3495 indubitata-

188 3566 302 3629 que
346 3545 625 3619 videtur,
673 3562 846 3624 quam
888 3539 952 3602 in
996 3560 1199 3602 rerum
1243 3537 1542 3601 locatione
1584 3538 1998 3601 conductione.
2076 3537 2364 3601 Permulti

188 3653 351 3715 enim
397 3650 785 3733 reperiuntur
825 3646 1128 3724 dicentes,
1177 3645 1242 3708 in
1290 3646 1565 3708 omnibus
1605 3644 1861 3708 faciendi
1903 3644 2364 3730 obligationibus

189 3765 393 3843 (atque
437 3757 573 3820 ideo
620 3754 911 3838 imprimis
958 3753 1019 3817 in
1053 3774 1367 3838 operarum
1397 3752 1728 3837 locatione)
1766 3753 1868 3837 jus
1901 3750 2078 3815 civile
2110 3750 2364 3813 debitori

188 3868 276 3929 ita
305 3868 510 3928 favere
530 3910 547 3941 ,
598 3874 664 3926 ut
694 3862 1050 3943 ubicunque,
1088 3859 1404 3942 quominus
1435 3861 1650 3922 sactum
1685 3858 2042 3942 promissum
2073 3867 2359 3941 praestet,

190 3972 545 4056 impediatur
595 3970 727 4033 sine
783 3969 971 4052 ipsius
1026 3968 1230 4051 culpa,
1298 3966 1582 4030 creditori
1638 3986 1811 4028 casus
1855 3964 2233 4048 recipiendus
2283 3965 2365 4029 sit

191 4098 457 4161 onusque
503 4078 560 4140 ei
603 4077 910 4160 pensionis
957 4074 1281 4139 solvendae
1310 4083 1643 4135 remaneat.
1709 4071 1806 4132 Sic
1836 4071 2259 4135 Miihlenbruch
2277 4069 2358 4154 ¹),

332 4387 386 4450 1)
422 4385 611 4437 Lehrb.
642 4386 733 4435 des
758 4383 1156 4435 Pand.-Rechls
1179 4381 1205 4446 §
1231 4382 1350 4434 365.
1381 4382 1475 4431 sub
1500 4383 1551 4434 4.
