2782 5052
1220 414 1820 480 ...34—

440 604 761 669 emtionem
791 601 1197 665 venditionem
1230 601 1573 680 referimuS,
1609 601 1740 666 sine
1772 594 1949 664 dubio
1980 598 2291 662 dicendum
2323 611 2440 680 est,
2476 619 2617 684 per·

436 712 594 774 fecta
624 708 883 774 emtione
913 727 1174 771 mercem
1207 709 1374 790 quasi
1398 710 1526 794 jam
1573 708 1637 771 in
1682 706 1856 770 bonis
1908 705 2130 769 habere
2174 705 2365 770 videri
2425 718 2619 770 emto-

435 839 563 882 rem
585 863 602 894 ‚
652 815 864 900 quippe
895 836 1076 897 quum
1116 815 1176 877 in
1211 815 1343 899 ejus
1374 815 1455 878 sit
1485 813 1761 893 arbitrio,
1796 823 1862 877 ut
1892 811 2089 896 pretio
2124 811 2322 875 oblato
2354 832 2614 876 mercem

434 923 598 987 illico
645 932 808 1005 petat
851 932 910 984 et
956 921 1328 984 venditorem
1374 921 1437 984 in
1479 921 1539 984 id
1585 919 1927 984 conveniat.
2007 918 2195 997 Quam
2239 918 2609 998 facultatem,

437 1052 612 1113 quam
645 1027 1046 1090 conditionem
1097 1027 1375 1090 venditor
1417 1027 1548 1111 ipsa
1593 1028 1858 1111 perfecta
1901 1024 2164 1088 emtione
2195 1025 2409 1088 emtori
2441 1026 2614 1088 exhi-

433 1137 583 1200 bere
623 1133 898 1211 videtur3
959 1133 1024 1195 in
1066 1152 1137 1195 eo
1184 1132 1614 1216 praestationis
1661 1153 1875 1196 munus
1915 1130 2217 1196 venditori
2260 1131 2609 1195 incumbens

437 1239 739 1305 consistit.
804 1238 971 1302 Unde
1001 1239 1179 1301 etiam
1214 1239 1326 1302 hoc
1356 1239 1667 1302 intellectu
1698 1237 1963 1323 proclive
1995 1248 2111 1316 est,
2146 1237 2297 1320 quod
2329 1237 2393 1300 in
2421 1239 2465 1301 l.
2503 1235 2604 1300 10.

439 1350 471 1431 ἓ
504 1346 564 1411 5.
608 1347 681 1408 D.
718 1345 788 1406 de
811 1346 936 1429 jur.
970 1346 1092 1407 dot.
1132 1343 1345 1427 (2353)
1391 1344 1677 1428 Ulpianus
1706 1345 2030 1428 perfectam
2060 1345 2467 1408 venditionem
2510 1367 2610 1428 ap-

442 1452 761 1538 pellatione
822 1452 1114 1535 impletae
1172 1450 1540 1514 venditionis
1600 1450 1819 1513 affecit.
1928 1450 2261 1534 Significari
2321 1451 2480 1515 enim
2537 1471 2607 1514 eo

444 1564 653 1644 (quum
683 1557 830 1621 alias
866 1557 1167 1640 „implere
1199 1563 1625 1620 contractum“
1659 1556 1816 1620 idem
1849 1566 1964 1631 est,
1997 1557 2189 1638 quod:
2239 1557 2315 1622 ad
2338 1557 2603 1621 effectum

439 1667 769 1752 perducere
811 1662 1258 1746 plenissimum,
1320 1662 1422 1726 vel
1465 1667 1904 1746 consummare)
1955 1663 2229 1742 videtur,
2282 1662 2609 1748 perfectae

443 1772 720 1838 emtionis
766 1768 1106 1852 graviorem
1154 1790 1329 1850 quam
1376 1767 1527 1832 alias
1571 1770 1822 1852 perfecti
1879 1780 2260 1848 contractuS,
2320 1780 2385 1832 et
2425 1788 2600 1852 pecu-

440 1879 649 1941 liarem
681 1877 802 1940 vim
834 1896 903 1937 ac
936 1883 1205 1937 naturam
1239 1894 1407 1938 esse:
1455 1874 1614 1938 sicut
1655 1898 1689 1940 a
1737 1876 1937 1941 multis
1972 1879 2097 1962 Jam
2144 1877 2607 1939 demonstratum

441 1993 558 2061 est,
607 1983 720 2044 duo
753 1991 1049 2043 momenta
1087 1981 1386 2065 perfectae
1432 1982 1712 2046 emtionis
1755 1983 2177 2069 distinguenda
2220 2001 2394 2045 esse:
2445 1990 2606 2042 etex

445 2111 561 2173 quo
593 2089 883 2153 alterutro
914 2086 1483 2152 invitoacontractu
1515 2089 1717 2152 recedi
1734 2102 2013 2175 nequeat,
2052 2102 2111 2154 et
2131 2110 2247 2171 quo
2271 2097 2607 2151 contractus

442 2196 528 2259 ita
559 2196 629 2258 ad
665 2195 940 2257 effectum
971 2195 1215 2276 perduci
1244 2195 1534 2278 coeperit,
1571 2206 1638 2259 ut
1668 2197 1975 2258 commoda
2018 2206 2078 2258 et
2113 2193 2496 2258 ,incommoda
2524 2192 2609 2255 rei

441 2302 720 2367 venditae
752 2301 826 2364 ad
856 2310 1144 2363 emtorem
1177 2299 1589 2383 transeant¹):
1654 2322 1807 2384 quae
1850 2313 2149 2365 momenta
2198 2300 2485 2385 temporis
2523 2299 2609 2362 in-

440 2409 695 2473 tervallo
729 2407 1153 2492 disjunguntur
1180 2407 1243 2469 in
1274 2406 1778 2470 conditionalibus
1811 2406 2274 2484 venditionibuS,
2310 2427 2463 2489 quae
2491 2416 2607 2468 tum

441 2515 645 2600 perfici
676 2514 982 2589 dicuntur,
1018 2536 1194 2597 quum
1225 2513 1469 2599 impleta
1502 2525 1594 2578 est
1624 2512 1912 2592 conditio,
1947 2513 1990 2577 l.
2011 2512 2073 2578 7.
2096 2536 2188 2599 pr.
2209 2514 2282 2577 D.
2313 2514 2386 2577 de
2418 2524 2601 2578 contr.

445 2634 591 2686 emt.
628 2621 763 2705 (18,
804 2621 892 2705 1),
929 2622 1047 2706 jct.
1083 2622 1126 2683 l.
1161 2620 1269 2685 43.
1319 2620 1447 2704 59.
1499 2621 1571 2683 D.
1610 2622 1682 2684 de
1717 2621 1896 2685 aedil.
1933 2622 2028 2685 ed.
2065 2620 2201 2703 (21,
2237 2619 2305 2696 1)
2356 2620 2476 2701 „Si
2505 2621 2604 2684 sub

446 2729 787 2793 conditione
819 2728 993 2791 homo
1027 2739 1219 2791 emtus
1251 2726 1709 2790 sit—nondum
1739 2729 2006 2812 perfecta
2037 2727 2299 2806 emtio,“
2335 2729 2380 2791 l.
2416 2727 2479 2792 8.
2514 2748 2597 2812 pr.

441 2833 514 2895 D.
565 2834 637 2895 de
680 2842 876 2895 contr.
924 2846 1096 2909 emt.,
1146 2844 1207 2897 et
1247 2834 1289 2897 l.
1341 2833 1402 2899 1.
1451 2854 1544 2917 pr.
1594 2833 1666 2895 D.
1718 2835 1790 2897 de
1832 2853 1960 2917 per.
2006 2843 2067 2897 et
2111 2855 2325 2897 comm.
2378 2833 2512 2915 (18,
2539 2832 2602 2915 6)

445 2940 669 3021 „quasi
712 2937 1056 3022 plenissime
1099 2951 1356 3019 veneat,
1403 2961 1540 3003 cum
1582 2940 1766 3003 fuerit
1807 2940 2265 3023 degustatum.“
2332 2941 2402 3005 In
2433 2939 2603 3003 hocce

444 3045 638 3109 stadio
670 3054 1013 3109 contractae
1045 3045 1346 3123 emtionis,
1397 3068 1513 3129 quo
1562 3046 1781 3109 dicitur
1810 3046 2152 3129 plenissima
2172 3093 2189 3122 ‚
2237 3046 2296 3110 id
2326 3046 2598 3123 vertitur,

444 3152 601 3237 quod
632 3151 796 3215 dixi:
843 3152 1217 3235 praestitisse
1247 3154 1622 3219 venditorem
1655 3152 1868 3217 emtori
1914 3153 2174 3217 officium
2205 3151 2600 3236 obligationis,

448 3279 629 3343 quare
672 3257 890 3322 Paulus
933 3259 1273 3323 rectissime
1320 3261 1500 3324 dicitz
1553 3260 1876 3340 „Pretium
1918 3259 2178 3322 hominis
2218 3259 2453 3329 venditi
2491 3280 2604 3322 non

446 3386 533 3428 ea>
575 3387 671 3443 re,
715 3365 832 3429 sed
862 3377 1128 3452 propter
1169 3357 1661 3452 negotiationem
1697 3362 2055 3451 pereep2‘²);
2080 3374 2125 3405 ‘⁶
2175 3365 2238 3428 in
2280 3365 2413 3450 ipsa
2458 3364 2604 3427 enim

444 3471 850 3554 negotiatione
893 3471 1059 3556 prior
1088 3472 1512 3556 praestationis
1542 3471 1845 3537 venditori
1874 3472 2185 3558 impositae
2214 3492 2357 3557 pars
2388 3482 2450 3537 et
2478 3471 2606 3534 effe-

446 3587 575 3640 ctus
606 3577 960 3661 principium
993 3578 1358 3642 continetur.

617 3685 649 3767 §
694 3682 802 3748 29.
863 3684 1429 3748 Luculentissimum
1450 3684 1858 3749 testimonium
1881 3683 2000 3747 alio
2032 3684 2162 3747 loco
2193 3684 2414 3748 Paulus
2447 3681 2606 3747 nobis

444 3789 716 3867 exhibet,
766 3810 939 3872 quam
985 3792 1105 3854 vim
1151 3793 1451 3875 perfectae
1494 3791 1555 3854 id
1596 3801 1690 3856 est
1730 3790 2112 3875 plenissimae
2144 3790 2510 3867 venditioni,
2555 3798 2607 3853 et

449 3917 621 3979 quam
655 3896 1055 3960 conditionem
1087 3897 1302 3961 emtori
1332 3898 1578 3962 tribuat.
1652 3897 1811 3962 Dicit
1853 3897 2013 3961 enim
2055 3899 2118 3961 in
2163 3896 2491 3961 Sententiis
2519 3915 2606 3958 re-

448 4002 635 4087 ceptis
679 4002 782 4067 lib.
819 4002 894 4066 11.
930 4004 1025 4068 tit.
1061 4003 1162 4069 31.
1211 4006 1246 4089 §
1282 4004 1384 4069 17.
1468 4003 1587 4084 „Si
1626 4024 1728 4070 res
1768 4004 2011 4071 vendita
2052 4015 2191 4069 ante
2235 4004 2606 4068 traditionem

452 4223 860 4231 u»————-.--

585 4360 639 4423 1)
680 4359 921 4426 otaok,
958 4363 1238 4415 Erffi'ueer.
1277 4360 1442 4413 xvn.
1489 4361 1695 4426 91034.
1736 4378 1787 4428 p.
1819 4341 1937 4413 151.
2009 4361 2387 4423 schilling,
2424 4357 2602 4410 Lem.

453 4445 490 4495 f.
520 4444 688 4494 instit.
719 4444 810 4496 111.
837 4447 862 4510 ξ
885 4448 1006 4501 291.
1035 4445 1101 4497 N.
1129 4463 1300 4498 a—c.
1325 4474 1396 4483 —-
1418 4448 1476 4512 2)
1503 4445 1563 4497 L.
1593 4448 1677 4503 21.
1711 4447 1777 4500 D.
1804 4448 1865 4498 de
1891 4448 2069 4500 hered.
2098 4448 2250 4500 vend.
2278 4442 2473 4512 (18‚4).
