2782 5052
1035 267 1634 334 -39—

183 456 390 542 juris
433 455 662 540 regulis
705 452 1138 537 consistere,¹)
1189 454 1368 519 etiam
1412 455 1474 518 in
1519 464 1727 519 nostra
1774 456 2128 538 quaestione
2172 455 2420 540 agnosci

196 573 414 646 atque
434 561 806 626 confirmari.
867 561 1256 624 Locationem
1287 583 1407 625 non
1440 572 1745 639 constare,
1781 562 1833 626 si
1866 563 2094 626 locator
2123 563 2252 644 (vel
2282 584 2423 646 ope-

197 669 306 733 ris
344 656 692 750 redemtor)
737 666 1089 732 satisfacere
1134 689 1377 753 prorsus
1410 668 1822 754 prohibeatur,
1866 669 2161 746 vidimus3
2210 669 2422 732 vendi-

201 775 463 840 tionem
509 773 876 838 exstinctam
919 773 1214 859 intelligi,
1263 775 1316 838 si
1361 775 1662 839 venditori
1704 775 2087 859 impossibilis
2119 775 2221 838 fiat
2251 796 2423 859 prae-

203 883 456 962 statio,
503 883 648 946 item
691 879 974 944 vidimus·
1069 880 1267 959 Quare
1303 881 1462 965 juris
1520 879 1838 944 discrimen
1891 880 2054 945 inter
2109 892 2424 963 utrumque

207 1000 618 1054 contractum
650 1007 1023 1070 nequaquam
1055 986 1316 1050 inveniri
1348 998 1581 1070 potest3
1632 988 1684 1050 si
1713 1008 1859 1052 vero
1892 987 2028 1070 quid
2060 987 2423 1051 discriminis

210 1106 562 1181 suppetere
603 1093 869 1172 videtur,
924 1094 1137 1155 nonin
1173 1094 1336 1178 jure,
1388 1094 1492 1157 sed
1526 1093 1590 1156 in
1627 1096 1782 1158 facto
1828 1095 1887 1157 id
1921 1094 2234 1172 consistit3
2285 1114 2423 1156 nam

210 1202 293 1266 in
310 1202 617 1265 locatione
635 1199 978 1284 principalis
994 1200 1318 1283 praestatio
1348 1198 1410 1262 in
1442 1220 1513 1263 eo
1533 1201 1832 1280 consistit,
1866 1212 1932 1264 ut
1960 1223 2029 1265 re
2059 1222 2167 1285 per
2196 1211 2421 1263 certum

216 1319 476 1393 tempus
504 1329 649 1372 vere
672 1307 787 1371 frui
809 1306 1010 1384 liceat,
1043 1308 1105 1367 in
1120 1306 1465 1369 venditione
1484 1308 1703 1392 duplex
1720 1309 2048 1394 praestatio
2062 1308 2417 1386 venditoriS,

220 1417 456 1494 altera,
495 1426 557 1478 ut
586 1436 712 1478 rem
748 1413 996 1476 emtoris
1028 1413 1309 1496 potestati
1354 1413 1699 1491 submittat,
1751 1415 1997 1497 suisque
2040 1414 2214 1478 bonis
2256 1413 2422 1496 quasi

224 1512 504 1588 avocans
535 1521 711 1584 bonis
745 1519 992 1582 emtoris
1025 1518 1250 1601 alliget,
1286 1519 1512 1599 altera,
1562 1530 1628 1583 ut
1659 1521 1974 1584 evictionis
2009 1541 2185 1584 causa
2219 1531 2424 1583 tenea-

223 1641 364 1694 tur.
446 1628 774 1709 Quominus
820 1625 1080 1709 priorem
1124 1626 1587 1708 praestationem
1632 1628 1895 1712 impleat,
1945 1627 2218 1711 impediri
2263 1627 2424 1688 nullo

226 1738 417 1800 modo
451 1754 629 1821 posse
659 1733 898 1797 videtur
927 1732 1241 1810 venditor,
1289 1732 1428 1815 quia
1471 1754 1591 1796 non
1634 1734 1696 1796 in
1738 1735 1893 1797 facto
1925 1733 2251 1818 praestatio
2285 1753 2425 1794 con-

232 1843 444 1920 sistit3
495 1841 601 1905 sed
628 1840 870 1903 interna
902 1850 1101 1901 tamen
1135 1850 1228 1903 est
1247 1840 1526 1924 jurisque
1555 1842 1828 1918 mutatio,
1877 1852 1935 1904 et
1971 1840 2130 1926 juris
2177 1839 2423 1901 effectus

235 1949 494 2032 exlege
533 1947 721 2031 ipsam
765 1947 1090 2030 perfectam
1131 1945 1539 2008 venditionem
1582 1949 1874 2029 sequitur.
1957 1947 2330 2032 Quapropter
2374 1945 2424 2009 si

237 2055 593 2120 venditione
624 2063 955 2132 contracta,
994 2053 1252 2116 nondum
1287 2064 1480 2116 tamen
1515 2055 1777 2137 perfecta
1806 2054 1906 2118 vel
1939 2055 2288 2139 „impleta“
2332 2051 2423 2135 (in

238 2183 429 2226 sensu
474 2159 623 2245 legis
672 2157 774 2223 10.
821 2159 949 2242 55.
1000 2160 1070 2222 D.
1121 2160 1192 2223 de
1232 2161 1374 2244 jure
1417 2161 1729 2243 dotium“)
1748 2157 1804 2241 2)
1845 2182 1944 2225 res
1974 2160 2205 2223 interiit
2252 2180 2421 2237 casu,

242 2278 376 2332 tota
406 2266 718 2330 evanescit
748 2267 928 2330 emtio
961 2267 1227 2329 venditio
1259 2287 1449 2349 neque
1480 2269 1731 2350 pretium
1762 2267 2064 2331 venditori
2098 2267 2366 2329 debetur.

419 2374 629 2457 Neque
659 2373 771 2436 hoc
803 2372 1393 2456 praetermittendum
1426 2385 1541 2450 est,
1591 2373 2019 2437 claudicantem
2053 2373 2326 2435 exhiberi
2358 2373 2430 2435 de

247 2483 511 2547 emtione
541 2479 893 2558 doctrinam,
949 2477 998 2542 si
1023 2479 1205 2564 juxta
1234 2469 1549 2544 evictionis
1593 2479 2054 2564 praestationem
2088 2478 2426 2543 traditionis

244 2589 510 2653 officium
544 2598 609 2652 ut
638 2589 886 2651 alteram
917 2586 1386 2670 praestationem
1416 2587 1798 2672 principalem
1831 2606 2222 2671 poneremus3
2259 2588 2429 2671 cujus

245 2715 626 2778 consequens
658 2704 843 2771 esset,
891 2703 952 2755 ut
982 2693 1172 2756 altera
1201 2694 1634 2778 praestatione,
1681 2694 1910 2757 scilicet
1940 2693 2286 2766 traditione,
2320 2694 2432 2754 im-

245 2802 450 2887 pedita
480 2800 663 2864 emtio
695 2811 908 2878 staret,
955 2801 1144 2863 altera
1182 2822 1354 2880 vero,
1407 2822 1618 2886 nempe
1649 2800 1966 2866 evictionis
1997 2799 2427 2884 praestatione,

248 2908 535 2993 impedita
580 2908 741 2971 nulla
789 2918 953 2973 esset
996 2908 1201 2971 emtio.
1280 2908 1508 2973 Contra
1549 2930 1721 2988 vero,
1775 2919 2041 2972 nostram
2074 2907 2429 2972 sententiam

259 3010 607 3098 sequeiiteS‚
655 3034 783 3077 rem
828 3014 1326 3100 simplicissimam
1366 3037 1503 3079 esse
1554 3016 1827 3081 videmus
1884 3027 2059 3100 atque
2111 3016 2171 3079 id
2225 3034 2436 3079 conse-

258 3122 520 3205 quimur,
570 3132 633 3184 ut
673 3122 1002 3185 doctrinam
1049 3121 1121 3184 de
1169 3122 1470 3186 evictione
1515 3124 1871 3207 praestanda
1915 3123 2208 3186 communi
2256 3120 2436 3185 alicui

250 3228 544 3313 principio
575 3227 987 3313 subjiciamus,
1025 3226 1080 3289 ei
1113 3248 1349 3310 nempe,
1385 3229 1536 3311 quod
1583 3228 1654 3291 de
1697 3229 1969 3292 omnibus
2014 3229 2239 3293 mutuis
2287 3250 2435 3291 con-

253 3335 547 3398 tractibus
581 3353 771 3415 aequo
803 3333 980 3395 modo
1013 3315 1396 3396 statuendum
1442 3344 1503 3397 et
1545 3331 1775 3416 legibus
1806 3334 2143 3417 rationique
2178 3355 2435 3418 congru-

251 3441 627 3505 entissimum
659 3428 796 3500 esse
827 3436 1118 3499 ducimus·

428 3548 461 3627 ἓ
507 3543 611 3606 34.
657 3542 757 3605 VI.
808 3543 902 3605 De
944 3544 1260 3606 societate.
1353 3545 1666 3628 Reliquum
1719 3559 1849 3626 est,
1914 3557 1981 3611 ut
2036 3557 2428 3624 contractum,

254 3653 330 3718 ad
390 3650 661 3715 ultimum
719 3647 1057 3733 disputandi
1116 3649 1292 3712 finem
1346 3653 1516 3734 quasi
1575 3654 1937 3739 repositum,
2002 3653 2430 3738 perstringam,

259 3760 475 3845 quippe
508 3757 606 3841 qui
637 3756 834 3820 minus
866 3755 1125 3839 simplex
1155 3776 1291 3820 esse
1322 3758 1617 3842 prioribus
1651 3761 1947 3826 videatur.
2022 3761 2244 3823 Earum
2276 3761 2434 3821 enim

258 3866 767 3952 praestationum,
821 3885 974 3949 quae
1015 3865 1077 3929 in
1121 3863 1413 3930 societate
1457 3886 1569 3929 usu
1613 3871 1903 3945 veniunt,
1965 3868 2255 3953 duplicem
2301 3887 2436 3929 esse

398 4141 451 4205 1)
493 4140 556 4191 L.
584 4144 636 4197 2.
669 4141 732 4192 D.
761 4142 914 4193 locati
941 4143 1087 4191 cond.
1120 4143 1230 4207 (19,
1258 4144 1332 4206 2),
1355 4144 1457 4209 jct.
1487 4145 1526 4194 l.
1554 4146 1639 4199 22.
1671 4146 1715 4210 §-
1752 4147 1802 4198 3.
1832 4144 1896 4194 D.
1926 4144 2041 4195 etl.
2070 4144 2158 4198 20.
2190 4142 2248 4192 D.
2276 4143 2387 4194 eod.

395 4226 455 4292 2)
495 4225 575 4276 lta
599 4227 643 4276 si
668 4227 928 4294 quantitas
964 4243 1130 4277 rerum
1171 4227 1245 4278 sic
1282 4230 1531 4291 venierit,
1571 4238 1628 4281 ut
1663 4231 1711 4282 in
1754 4230 1981 4294 singulos
2016 4228 2209 4279 modios
2247 4235 2441 4280 certum

261 4312 479 4380 pretium
505 4312 780 4378 diceretur,
808 4313 875 4363 ct'.
904 4313 941 4363 l.
970 4312 1055 4365 35.
1083 4312 1107 4378 ξ
1135 4314 1185 4364 5.
1214 4316 1264 4368 6.
1295 4314 1357 4366 D.
1389 4316 1451 4368 de
1476 4319 1708 4368 contrab.
1738 4316 1955 4368 emtione
1981 4314 2093 4381 (18,
2127 4315 2200 4382 1).
