2782 5052
1049 349 1607 414 -9-.

238 529 624 614 obligationis
654 533 998 617 propositae
1027 536 1344 622 injungere
1373 550 1588 620 tentat,
1634 541 1869 621 attinet,
1916 565 2161 627 prorsus
2204 567 2298 610 me
2340 550 2411 612 ab

236 657 312 701 eo
357 638 613 703 alienum
660 660 798 705 esse
843 662 1068 725 negare
1125 665 1246 707 non
1304 668 1570 730 possum.
1665 649 2020 713 Rectissime
2079 652 2237 715 enim
2287 655 2414 738 jam

232 744 694 823 Miihlenbruch,
758 768 931 830 quem
971 752 1158 815 secuti
1200 763 1341 816 sunt
1382 754 1683 818 deMadai
1712 751 1792 834 ²),
1858 757 1930 819 de
1958 757 2300 842 Vangerow
2330 755 2409 840 ³),

235 847 364 930 alii,
414 854 859 933 animadvertit,
911 878 992 921 ex
1021 857 1121 935 iis,
1168 881 1314 942 quas
1358 861 1429 924 de
1461 860 1757 926 W'achter
1799 865 2129 948 proposuit,
2187 867 2412 929 normis

237 958 755 1043 „Impossibilium
785 962 944 1026 nulla
977 963 1314 1049 obligatio-“
1358 978 1420 1031 et
1466 991 1695 1046 „casus
1739 992 1774 1033 a
1818 971 2057 1033 nemine
2101 982 2413 1055 praestan-

232 1071 386 1128 tur“
422 1065 534 1130 hoc
561 1077 790 1131 tantum
822 1070 1086 1147 decerni,
1140 1094 1301 1152 eum,
1351 1077 1475 1158 qui,
1525 1079 1841 1164 quominus
1874 1087 2161 1162 praestet,
2208 1099 2413 1142 rerum

233 1183 452 1236 natura
480 1166 854 1258 impediatur,
890 1177 1255 1263 obligatione
1286 1181 1552 1260 liberari,
1600 1185 1849 1248 alteram
1879 1196 2080 1249 tamen
2110 1183 2412 1267 quaestio-

232 1297 392 1354 nem,
430 1288 490 1341 et
521 1300 651 1342 eam
682 1282 913 1364 quidem
945 1286 1387 1367 gravissimam,
1439 1311 1516 1352 an
1549 1291 1798 1354 alterius
1831 1293 2112 1375 obligatio
2143 1303 2407 1371 maneat,

230 1384 296 1445 in
354 1405 646 1468 suspenso
706 1378 988 1473 relinqui.
1082 1394 1377 1472 Quocirca
1445 1395 1508 1458 in
1582 1420 1653 1460 eo
1702 1399 1963 1481 >quidem
2021 1399 2409 1484 principalem

229 1489 543 1555 Wachtcri
587 1512 855 1558 errorem
899 1499 1060 1561 verti
1103 1502 1409 1581 existimo,
1473 1505 1627 1586 quod
1659 1506 1909 1568 eandem
1940 1505 2011 1568 de
2043 1506 2410 1571 unilaterali-

228 1594 340 1659 bus
385 1598 846 1682 obligationibus
890 1607 1099 1668 statuit
1143 1630 1439 1687 normam,
1493 1633 1668 1694 quam
1715 1614 1788 1675 de
1831 1612 2081 1675 mutuiS.
2173 1613 2405 1678 Utrius-

228 1724 343 1784 que
391 1705 634 1787 generis
679 1706 1089 1774 diversissima
1130 1733 1265 1778 esse
1322 1716 1468 1780 mihi
1514 1718 1753 1783 videtur
1807 1720 1985 1783 ratio.
2068 1722 2145 1786 Ut
2186 1720 2408 1805 speciei

228 1810 466 1873 debitor
508 1811 731 1874 casuali
778 1815 906 1897 ejus
949 1815 1200 1882 interitu
1231 1821 1595 1906 obligatione
1631 1825 1953 1905 liberetur,
2003 1849 2036 1890 e
2066 1849 2264 1892 rerum
2300 1849 2408 1891 na-

226 1926 362 1979 tura
395 1917 667 1999 sequitur
711 1930 771 1982 et
802 1919 931 2002 ipsa
964 1925 1194 1988 ratione
1232 1928 1564 2008 evincitur,
1601 1935 1755 2014 quod
1791 1935 1880 1996 sic
1916 1934 2167 2018 exprimi
2209 1936 2397 1999 solet:

224 2021 684 2107 impossibilium
718 2026 932 2118 nullam
968 2049 1103 2095 esse
1136 2033 1585 2120 obligationem,
1651 2060 1762 2103 nec
1807 2060 1842 2102 a
1887 2063 2179 2124 quoquam
2228 2064 2403 2106 casus

224 2150 483 2212 unquam
531 2135 845 2215 praestari.
941 2137 1165 2215 Quibus
1197 2145 1529 2228 praeceptis
1564 2168 1683 2208 non
1716 2148 1829 2210 nisi
1864 2148 1973 2209 hoc
2004 2148 2204 2212 doceri
2236 2150 2402 2212 vide-

224 2244 358 2298 tur:
403 2238 682 2323 (speciei)
727 2240 1051 2306 debitorem
1098 2267 1293 2330 neque
1337 2253 1411 2313 ad
1455 2253 1644 2336 ipsam
1675 2275 1802 2316 rem
1834 2256 2180 2317 tradendam
2213 2276 2402 2337 neque

222 2341 295 2403 ad
326 2342 603 2405 damnum
636 2349 1053 2428 praestandum
1085 2355 1275 2431 teneri
1309 2357 1612 2421 creditori.
1652 2359 1815 2438 Quae
1850 2373 2186 2445 praecepta,
2224 2382 2401 2442 quum

221 2446 283 2509 in
330 2448 728 2530 obligationes
776 2463 1009 2542 mutuas
1059 2462 1525 2542 transferuntur,
1575 2487 1695 2529 non
1740 2467 2087 2550 ampliorem
2129 2467 2400 2551 recipere

220 2553 341 2617 vim
376 2568 648 2637 possunt,
695 2580 904 2624 verum
939 2561 1034 2625 hic
1066 2586 1310 2647 prorsus
1343 2591 1503 2632 nova
1533 2572 1729 2655 potius
1763 2594 2071 2658 emergere
2102 2576 2401 2656 quaestio-

220 2662 316 2723 nis
346 2663 502 2724 ratio
535 2663 675 2726 mihi
707 2666 946 2730 videtur
975 2667 1067 2752 ὓς
1119 2670 1402 2737 habemus
1436 2678 1594 2740 enim
1627 2679 1720 2741 hic
1753 2680 1899 2743 duos
1934 2679 2233 2744 debitores
2268 2701 2401 2762 eos-

219 2786 334 2849 que
366 2766 480 2829 sibi
513 2772 846 2835 contrarios
890 2777 1246 2860 eosdemque
1289 2784 1630 2849 creditoresa
1663 2786 1776 2849 sibi
1818 2799 2078 2865 mutuOS,
2130 2800 2189 2850 et
2219 2810 2399 2871 quae-

219 2873 336 2935 stio
367 2875 506 2937 inde
539 2876 753 2955 oritur,
802 2902 1114 2962 quemnam
1147 2885 1364 2951 habeat
1394 2888 1664 2955 liberatio
1696 2892 1802 2955 illa
1832 2894 2079 2959 alterius
2113 2896 2397 2960 debitoris

216 2979 498 3042 effectum
543 2984 605 3044 in
654 2994 839 3048 totum
888 2990 1268 3075 obligationis
1313 3016 1573 3077 nexum3
1625 3021 1699 3062 an
1732 3001 1830 3083 qui
1864 3002 2098 3064 debitor
2129 3024 2262 3065 esse
2296 3004 2398 3066 de-

216 3086 414 3165 sierit,
477 3088 633 3151 idem
680 3091 925 3184 alterius
983 3117 1297 3163 remanere
1356 3106 1546 3185 possit
1604 3107 1910 3169 creditor?
1999 3108 2395 3187 Quamobrem

217 3193 626 3273 quaestionem
663 3195 754 3259 hic
788 3200 1070 3265 habemus
1105 3206 1812 3287 obligationibus-mutuis
1844 3216 2140 3297 propriam
2165 3262 2181 3292 ‚
2231 3216 2395 3278 nullo

216 3297 338 3360 alio
371 3320 515 3363 casu
549 3316 1000 3385 occurrentem,
1050 3309 1328 3391 ideoque,
1380 3323 1447 3374 ut
1475 3315 1617 3376 mihi
1649 3315 1920 3392 videtur,
1973 3340 2055 3381 ex
2085 3322 2212 3401 ipsa
2245 3321 2394 3384 obli-

214 3405 522 3488 gationum
579 3419 923 3472 mutuarum
978 3424 1189 3475 natura
1231 3426 1409 3496 atque
1462 3410 2072 3485 indole'solvendam.
2174 3426 2393 3491 Omnes

213 3521 463 3574 conatus
498 3515 862 3593 quaestionis
895 3529 1137 3581 nostrae
1170 3541 1251 3583 ex
1282 3521 1495 3585 latiore
1527 3526 1734 3609 regula
1769 3531 1859 3610 (et
1888 3530 2185 3615 simplices
2217 3534 2395 3597 simul

213 3616 612 3698 obligationes
662 3621 1121 3705 complectente)
1170 3628 1527 3694 decidendae
1573 3635 1747 3699 nimis
1796 3637 1913 3700 late
1959 3649 2165 3722 patere
2197 3661 2390 3725 neque

210 3723 396 3806 ipsam
433 3726 796 3807 quaestionis
830 3731 1145 3795 medullam
1179 3736 1475 3819 attingere
1506 3741 1652 3804 mihi
1683 3746 1985 3808 videntur.

388 3831 529 3913 ξθ.
623 3833 909 3899 Proxima
969 3838 1048 3916 ei,
1114 3863 1288 3924 quam
1351 3847 1423 3907 de
1464 3846 1759 3913 Wachter
1816 3853 2147 3935 proposuit,
2214 3865 2391 3936 atque

211 3948 461 4019 cognata
493 3941 791 4006 sententia
823 3962 892 4006 ea
925 3957 1039 4024 est,
1094 3970 1266 4030 quam
1300 3952 1371 4014 de
1401 3953 1600 4017 Madai
1632 3958 1977 4040 explicavit,
2025 3981 2137 4024 nec
2185 3961 2387 4025 dubito

345 4205 402 4268 ⁶2)
441 4206 613 4257 Lehre
638 4224 685 4259 υ.
715 4210 768 4259 d.
799 4227 954 4262 mora
995 4212 1022 4278 §
1050 4216 1135 4266 45.
1166 4214 1219 4264 S.
1248 4216 1370 4270 278.
1409 4245 1480 4255 —
1515 4220 1569 4281 3)
1607 4221 1892 4288 Lez'ffaden
1931 4227 2022 4278 Bd.
2052 4228 2139 4280 111.
2184 4230 2230 4297 §.
2264 4233 2382 4285 591.

210 4288 265 4339 S.
294 4290 415 4345 216.
452 4319 523 4329 -
560 4293 612 4358 4)
651 4293 898 4346 Similiter
933 4299 1089 4349 sentit
1127 4299 1465 4370 SinteniS,
1517 4307 1633 4357 Das
1662 4308 1854 4375 praltt.
1893 4328 2035 4378 gem.
2081 4315 2388 4369 Cim-Recht

208 4375 299 4426 Bd.
333 4375 393 4429 11.
425 4375 452 4441 δ
487 4378 600 4430 106.
629 4377 747 4431 Not.
777 4383 863 4434 44.
894 4383 947 4433 S.
977 4385 1095 4437 466.
