2782 5052
1107 367 1711 433 -21—

491 559 524 640 5
572 554 676 622 17.
768 555 871 619 111.
922 561 1013 620 De
1060 558 1371 621 locatione
1416 557 1826 620 conductione
1859 558 2088 641 operis.
2182 555 2245 619 Si
2277 576 2497 640 operae

314 685 438 727 non
469 664 739 748 singulae
771 652 1088 742 debentur,
1123 664 1229 727 sed
1264 663 1681 743 „universitas
1713 663 2326 743 consummationis“,
2376 684 2497 725 non

312 771 482 855 ipsae
526 769 699 852 quasi
741 770 906 832 vires
952 779 1014 833 et
1055 770 1393 846 facultateS,
1447 769 1553 831 sed
1585 790 1735 853 opus
1766 769 1992 833 viribus
2025 779 2086 832 et
2117 768 2496 833 facultatibus

312 877 675 940 redemtoris
707 877 1163 953 exstruendum,
1201 875 1472 958 quaestio
1506 876 1713 939 eadem
1743 887 2042 953 movetur,
2079 877 2385 959 cujusnam
2417 874 2499 939 sit

315 983 700 1067 obligationis
759 983 1109 1067 periculum.
1203 983 1291 1044 De
1332 980 1999 1065 Wening-Ingenheim
2034 979 2125 1063 ¹),
2191 981 2263 1044 de
2306 980 2498 1044 Buch-

316 1089 480 1152 holtz
510 1085 601 1171 ²),
665 1088 765 1152 alii
808 1089 941 1154 sine
987 1089 1109 1151 ullo
1157 1088 1502 1152 discrimine
1549 1088 1748 1171 operis
1792 1088 2046 1151 locatori
2089 1088 2497 1170 recipiendum

317 1217 454 1260 esse
486 1196 865 1279 obligationis
896 1195 1223 1280 periculum
1266 1194 1659 1257 contendunt.
1753 1194 2194 1259 Unterholzuer
2224 1188 2279 1277 ³)
2327 1194 2493 1271 dicit,

316 1303 371 1367 si
402 1302 533 1366 sine
562 1301 682 1365 ulla
713 1301 1068 1364 redemtoris
1102 1301 1273 1384 culpa
1303 1322 1372 1363 re
1406 1310 1670 1383 peremta
1700 1322 1848 1383 opus
1881 1301 2246 1384 impossibile
2276 1300 2497 1363 factum

316 1409 420 1488 sit,
471 1409 807 1471 mercedem
849 1407 1176 1473 redemtori
1218 1428 1339 1470 non
1385 1407 1614 1484 deberi,
1664 1406 1783 1470 nisi
1819 1409 1946 1492 jam
1990 1407 2327 1470 inchoatum
2361 1426 2497 1490 per-

316 1517 618 1578 fectumve
665 1536 812 1599 opus
857 1514 1060 1590 fuerit,
1111 1534 1222 1576 nec
1265 1523 1464 1576 tamen
1510 1512 1701 1596 legem
1745 1514 1819 1575 ad
1860 1513 2205 1576 firmandam
2252 1521 2498 1575 senten-

315 1622 461 1685 tiam
492 1642 662 1685 suam
693 1621 937 1703 allegat,
969 1621 1072 1682 sed
1105 1639 1235 1683 eam
1267 1641 1347 1684 ex
1377 1619 1640 1682 naturali
1670 1619 1905 1682 ratione
1938 1628 2000 1680 et
2029 1618 2306 1702 analogia
2336 1617 2494 1680 lora-

315 1729 501 1792 tionis
533 1747 848 1810 operarum
880 1724 1116 1810 probari
1148 1746 1322 1808 posse
1353 1727 1702 1788 arbitratur.
1765 1725 1875 1788 Cui
1907 1724 2170 1788 Sintenis
2200 1722 2258 1808 ⁴²)
2291 1744 2498 1787 asseu-

316 1834 490 1895 titur.
584 1832 808 1895 Contra
849 1851 994 1896 vero
1042 1832 1109 1894 de
1143 1830 1329 1894 Gliick
1358 1828 1450 1915 ⁵),
1500 1832 1551 1895 si
1597 1852 1720 1911 res,
1771 1842 2015 1916 propter
2058 1852 2231 1914 quam
2280 1851 2498 1916 operae

316 1938 713 2023 praestandae
756 1938 899 2014 sint,
966 1958 1109 2001 casu
1168 1937 1487 2013 interierit,
1553 1939 1750 2020 operis
1809 1939 2159 2015 locatorem,
2226 1936 2497 2020 quamvis

317 2045 625 2109 redemtor
653 2044 1017 2130 obligatione
1048 2044 1335 2108 liberatus
1359 2044 1460 2120 sit,
1497 2046 1829 2108 mercedem
1857 2045 1914 2108 ei
1937 2044 2177 2123 debere,
2207 2065 2289 2108 ex
2314 2044 2357 2106 l.
2386 2039 2492 2105 33.

319 2152 393 2215 D.
428 2152 606 2216 locati
635 2152 1087 2236 interpretatur.

486 2275 646 2339 Ante
678 2276 879 2338 omnia
908 2276 1256 2339 meminisse
1289 2274 1592 2358 expediet,
1638 2273 1836 2357 operis
1869 2273 2224 2336 locationem
2258 2272 2500 2335 nonnisi

317 2382 575 2465 speciem
608 2381 924 2444 locationis
957 2401 1272 2463 operarum
1304 2399 1465 2442 esse.
1520 2379 1647 2443 Hoc
1677 2391 1876 2442 tamen
1907 2379 2499 2442 animadvertendum

318 2498 438 2567 est,
485 2487 549 2550 in
592 2486 791 2572 operis
834 2486 1130 2550 locatione
1161 2486 1444 2550 locatoris
1477 2506 1633 2564 esse,
1683 2508 1836 2565 rem,
1887 2487 1958 2550 de
1991 2507 2106 2569 qua
2138 2484 2499 2548 elaboranda

318 2595 541 2678 agitur,
589 2594 649 2657 id
682 2605 775 2657 est
804 2593 1111 2658 materiam
1144 2603 1477 2678 praestare,
1523 2594 1609 2655 ita
1653 2605 1738 2671 ut,
1792 2614 1861 2657 ea
1891 2593 2141 2656 materia
2173 2613 2294 2655 non
2326 2614 2498 2676 prae-

318 2701 485 2779 stita,
534 2701 882 2765 conductori
928 2700 1125 2783 operis
1157 2710 1425 2784 potestas
1458 2699 1841 2782 obligationis
1872 2699 2206 2783 implendae
2239 2698 2494 2762 deficiat.

320 2807 469 2870 Tale
513 2808 698 2890 igitur
741 2806 1222 2889 impedimentum
1265 2806 1329 2869 in
1373 2806 1672 2870 locatione
1705 2828 2044 2890 operarum,
2091 2816 2294 2890 utpote
2327 2808 2497 2891 cujus

317 2915 436 2977 alia
466 2914 547 2978 sit
573 2913 754 2990 ratio,
805 2932 1125 2976 occurrere
1169 2933 1292 2975 non
1334 2924 1565 2997 potest,
1629 2925 1833 2977 cetera
1864 2933 2011 2976 vero
2043 2913 2497 2999 impedimento-

318 3041 450 3084 rum
482 3039 729 3103 genera,
766 3040 916 3102 quae
946 3020 1010 3082 in
1042 3020 1240 3104 operis
1266 3020 1564 3085 locatione
1591 3020 1959 3085 intervenire
1984 3032 2259 3104 possunt,
2288 3022 2497 3083 eadem

319 3137 481 3204 sunt,
532 3147 682 3210 quae
726 3138 787 3190 et
828 3126 890 3189 iu
932 3147 1248 3209 operarum
1280 3126 1580 3191 locatione
1612 3128 1865 3212 cogitari
1898 3139 2166 3211 possunt.
2261 3127 2499 3189 Etenim

316 3234 544 3316 lingere
588 3233 752 3310 licet,
802 3233 998 3316 ipsum
1043 3233 1440 3295 redemtorem
1482 3236 1679 3317 operis
1724 3233 1930 3296 morbo
1974 3254 2344 3316 oppressum,
2400 3233 2501 3296 vel

315 3339 393 3403 iis
438 3337 877 3412 instrumentis,
930 3337 1063 3398 sine
1107 3336 1318 3419 quibus
1369 3358 1518 3420 opus
1565 3340 1925 3418 promissum
1970 3339 2176 3420 perfici
2217 3350 2493 3421 nequeat,

319 3466 467 3508 casu
508 3444 862 3526 spoliatum,
926 3440 1028 3502 vel
1069 3440 1132 3503 vi
1178 3443 1430 3524 quadam
1474 3443 1702 3526 majore
1744 3452 1925 3505 extra
1970 3463 2138 3504 suam
2183 3465 2498 3526 personam

319 3547 680 3636 prohibitum
712 3545 784 3608 ad
815 3565 943 3608 rem
975 3545 1396 3610 elaborandam
1430 3549 1746 3632 (annulum
1778 3569 1860 3612 ex
1891 3568 2038 3611 auro
2070 3560 2311 3633 accepto
2340 3571 2500 3614 com-

318 3655 679 3741 ponendum,
743 3652 1076 3716 aedificium
1130 3653 1194 3716 in
1254 3655 1434 3718 fundo
1495 3667 1660 3718 certo
1708 3655 2169 3738 exstruendum)
2212 3658 2500 3720 accedere

318 3785 439 3827 non
470 3782 670 3847 posse.
763 3759 1084 3824 Praeterea
1129 3761 1354 3844 fingere
1402 3762 1567 3841 licet,
1617 3784 1652 3826 a
1697 3775 1867 3846 parte
1913 3763 2193 3826 locatoris
2239 3763 2496 3847 (operis)

317 3870 800 3953 impedimentum
846 3865 1106 3946 obstare,
1154 3890 1217 3933 v.
1254 3889 1309 3931 c.
1356 3868 1460 3934 ille
1489 3870 1541 3932 si
1571 3869 1633 3934 vi
1664 3871 1893 3954 majore
1923 3870 2301 3955 impediatur,
2353 3893 2498 3953 quo-

463 4142 514 4207 1)
558 4142 701 4193 Gem.
733 4141 938 4193 Cia-R.
967 4141 994 4206 ἓ
1019 4143 1140 4195 264.
1169 4170 1239 4179 -
1273 4144 1328 4207 2)
1354 4144 1647 4210 Ztscltr.f.
1681 4144 1882 4196 Cim-R.
1913 4161 1966 4194 u.
1992 4146 2151 4196 Proc.
2178 4144 2242 4195 N.
2269 4144 2328 4196 F.
2358 4144 2494 4197 Vlll.

321 4245 372 4295 p.
406 4230 453 4278 l.
490 4254 562 4264 -
597 4227 651 4292 3)
685 4226 859 4277 Lelare
893 4243 991 4277 von
1028 4229 1128 4278 den
1152 4228 1618 4280 Schutdverwltn.
1646 4228 1708 4280 ll.
1743 4228 1770 4294 §
1799 4231 1917 4282 509.
1946 4247 1995 4297 p.
2026 4232 2145 4283 352.
2182 4259 2248 4269 —-
2285 4232 2342 4297 4)
2381 4234 2498 4283 Das

318 4312 506 4379 praltt.
540 4328 685 4378 gem.
730 4311 953 4363 Cim-11.
998 4311 1062 4364 11.
1106 4311 1131 4378 5
1174 4314 1291 4365 118.
1335 4330 1384 4381 p.
1429 4314 1548 4368 679.
1589 4342 1653 4352 —
1694 4315 1749 4382 5)
1786 4316 2164 4384 Erlliuterung
2204 4319 2301 4369 der
2320 4319 2492 4369 Pand.

322 4396 489 4452 xvn.
521 4399 547 4464 ἓ
577 4399 729 4452 1054.
757 4414 808 4464 p.
838 4399 957 4454 422.
