2782 5052
1059 373 1619 438 ..—7-..

252 569 354 632 vel
397 579 463 632 ut
504 564 676 631 brevi
720 563 942 627 dicam:
992 572 1128 647 post
1165 562 1913 647 perfectum-contractum
1952 566 2217 621 mutuum
2264 559 2433 642 cujus

253 671 335 733 sit
362 670 747 753 obligationis
779 669 1132 755 periculum,
1168 667 1542 749 anquiretur.

427 778 460 859 §
505 776 569 840 3.
661 777 810 854 Eos,
865 775 962 858 qui
1010 776 1082 838 de
1126 773 1481 856 quaestione
1523 769 1830 856 proposita
1883 768 2218 834 scribentes
2271 790 2434 830 com-

255 903 491 945 munem
542 881 901 966 dijudicandi
946 901 1216 944 normam
1261 889 1529 943 statuere
1573 886 1642 942 ac
1688 876 1968 962 prosequi
2013 875 2254 939 omnino
2285 886 2435 939 stu-

257 989 471 1063 duere,
521 1009 700 1070 quum
744 987 1200 1071 perlustramuS,
1250 987 1364 1048 duo
1411 986 1553 1048 licet
1596 983 2027 1048 decertantium
2073 993 2272 1044 castra
2316 982 2436 1043 dis-

257 1115 550 1173 cernere3
588 1094 778 1157 altera
808 1112 1038 1170 eorum,
1076 1093 1176 1175 qui
1208 1114 1327 1156 uno
1359 1090 1842 1171 contrahentium
1873 1087 2155 1172 impedito
2185 1088 2436 1151 alterius

256 1209 480 1278 tamen,
517 1201 611 1263 cui
642 1199 984 1283 praestandi
1009 1209 1274 1283 potestas
1295 1209 1599 1277 servetur,
1635 1195 2060 1280 obligationem
2083 1214 2431 1273 remanere3

258 1307 449 1370 altera
491 1326 730 1383 eorum,
797 1305 895 1390 qui
954 1307 1146 1369 altero
1201 1304 1501 1389 prohibito
1548 1305 1725 1367 etiam
1771 1303 2027 1367 alterum
2074 1301 2436 1386 obligatione

263 1412 502 1476 liberari
533 1412 922 1476 contendant.
993 1408 1124 1475 Jam
1154 1431 1300 1476 vero
1333 1412 1406 1475 ad
1440 1410 1918 1495 pertractandam
1951 1409 2184 1491 quidem
2216 1407 2438 1471 hancce

262 1508 672 1601 quaestionem
714 1540 894 1601 quum
937 1537 1145 1582 omnes
1193 1517 1521 1602 scriptores
1554 1539 1589 1580 a
1620 1526 2029 1580 contractuum
2062 1514 2437 1600 gravissimis

260 1624 509 1708 profecti
566 1625 689 1689 sint
747 1625 1062 1708 exempliS,
1129 1635 1191 1687 et
1249 1645 1394 1687 sane
1440 1623 1599 1686 aliud
1643 1623 1716 1687 de
1759 1621 2021 1707 emtione
2063 1621 2433 1698 venditione,

260 1732 421 1793 aliud
451 1732 523 1795 de
554 1731 848 1794 locatione
880 1729 1276 1794 conductione
1307 1732 1371 1792 in
1401 1730 1667 1793 fontibus
1706 1729 1867 1814 juris
1897 1728 2148 1790 Romani
2182 1728 2439 1790 edictum

261 1857 400 1900 esse
442 1837 754 1900 videatur:
819 1836 1009 1899 altera
1060 1835 1483 1920 disputantium
1539 1857 1678 1919 pars
1737 1856 2008 1899 normam
2065 1832 2437 1916 quaestionis

261 1942 590 2007 solvendae
621 1964 701 2006 ex
731 1942 808 2004 iis
840 1943 1199 2026 praeceptiS,
1259 1963 1410 2025 quae
1444 1944 1514 2005 de
1547 1943 1803 2006 emtione
1833 1941 2182 2006 venditione
2211 1940 2275 2002 in
2308 1942 2438 2003 son-

263 2048 420 2114 tibus
465 2048 768 2132 proposita
808 2060 1120 2132 apparent,
1168 2069 1408 2114 sumere
1455 2071 1575 2113 non
1623 2049 1901 2126 haesitat,
1952 2048 2138 2111 altera
2181 2067 2329 2112 vero
2374 2047 2439 2109 in

259 2152 360 2231 iis,
398 2174 550 2235 quae
581 2155 651 2216 de
683 2154 981 2219 locatione
1013 2155 1407 2219 conductione
1438 2156 1521 2219 ibi
1556 2157 1869 2232 docentur,
1922 2154 2310 2237 acquiescens
2342 2153 2439 2217 hic

260 2280 596 2343 supremam
639 2261 900 2323 omnium
944 2273 1355 2325 contractuum
1387 2272 1726 2326 mutuorum
1758 2261 2266 2346 dijudicandorum
2297 2281 2439 2324 nor-

259 2387 418 2428 mam
451 2386 520 2428 ac
553 2367 849 2429 rationem
881 2386 1233 2449 expressam
1266 2368 1528 2431 inveniri
1561 2368 1891 2431 existimat.
1961 2365 2051 2429 Ad
2084 2368 2238 2448 quod
2270 2387 2439 2429 acce-

260 2471 367 2550 dit,
419 2483 485 2536 ut
528 2473 591 2536 in
636 2472 908 2535 omnibus
953 2474 1104 2551 fere,
1155 2494 1306 2557 quae
1349 2474 1463 2538 huc
1510 2474 1827 2557 quadrent,
1877 2473 2277 2537 contractibus
2322 2473 2440 2536 loci

260 2581 498 2664 quidam
543 2579 770 2661 legales
812 2580 1219 2663 reperiantur,
1269 2579 1369 2661 qui
1414 2580 1773 2643 contrariam
1805 2580 2167 2643 adversariis
2200 2590 2440 2643 senten-

258 2689 401 2750 tiam
445 2685 863 2750 adminiculari
909 2707 978 2749 ac
1023 2706 1204 2770 prope
1251 2686 1506 2770 probare
1553 2687 1890 2765 videantur,
1954 2685 2203 2767 ideoque
2247 2685 2320 2749 ab
2362 2686 2439 2749 iis

260 2794 444 2870 lctis,
481 2793 691 2877 quibus
721 2793 1142 2877 impedimento
1175 2813 1308 2856 esse
1340 2794 1476 2858 illos
1507 2793 1672 2858 locos
1703 2792 1902 2877 opinio
1936 2802 2120 2869 esset,
2157 2793 2284 2876 pari
2315 2803 2441 2857 stu-

262 2900 360 2961 dio
392 2919 504 2962 nec
535 2900 665 2983 pari
694 2910 897 2963 tamen
927 2899 1171 2984 ingenio
1205 2911 1266 2964 et
1287 2912 1510 2964 eventu
1534 2899 1702 2979 flexi,
1726 2898 2068 2985 praestricti
2089 2910 2150 2962 et
2172 2899 2440 2984 ipsorum

263 3005 398 3068 usui
429 3026 498 3069 ac
524 3007 865 3072 ‘sententiae
895 3006 1152 3091 adaptati
1183 3006 1328 3070 sint.
1422 3008 1586 3072 Unde
1617 3008 1839 3084 evenit,
1891 3016 1979 3084 ut,
2037 3008 2178 3089 quia
2209 3006 2441 3069 deside-

260 3110 418 3175 rium
464 3134 586 3175 non
631 3114 940 3176 deficiebat
980 3115 1139 3177 inter
1183 3114 1338 3178 retia
1381 3114 1940 3199 interpretationum
1987 3117 2232 3176 istarum
2281 3134 2441 3176 com-

260 3217 479 3301 plicata
510 3239 580 3281 ac
610 3239 799 3302 paene
831 3220 1178 3301 perturbata
1208 3221 1375 3283 ducis
1409 3230 1469 3285 et
1498 3219 1935 3303 gubernatricis
1969 3218 2298 3296 habendae,
2336 3220 2440 3282 alii

261 3325 581 3408 aequitatis
613 3326 920 3390 suadentis
952 3324 1185 3387 ratione
1216 3343 1282 3385 se
1315 3326 1679 3388 commoveri
1712 3323 1802 3407 ¹),
1866 3324 1970 3386 alii
2016 3324 2230 3386 summi
2280 3326 2439 3408 juris

260 3432 452 3515 rigori
496 3451 563 3494 se
603 3432 780 3494 inniti
823 3428 1083 3514 professi
1127 3427 1281 3506 sint3
1330 3428 1420 3490 illi
1465 3429 1651 3511 igitur
1682 3428 1995 3492 locationis
2028 3430 2439 3494 conductionis

260 3536 899 3620 tanquam‘principale
933 3534 1270 3618 exemplum
1319 3553 1478 3614 esse,
1530 3535 1780 3606 bivero
1825 3533 2099 3597 emtionis
2146 3536 2442 3598 venditio-

263 3642 359 3706 nis
404 3642 738 3726 praeceptis
780 3661 985 3705 sanam
1030 3639 1347 3705 inhaerere
1394 3651 1454 3705 et
1496 3640 1951 3726 probabiliorem
1984 3662 2251 3705 normam
2283 3642 2442 3705 arbi·

265 3759 520 3813 trentur.
2115 3761 2118 3766 ’

404 3981 455 4043 1)
492 3980 559 4031 cf.
589 3980 652 4030 A.
680 3977 922 4042 Faber,
978 3979 1283 4043 Conjectur.
1335 3978 1397 4044 11,
1438 3982 1489 4032 4.
1565 3982 1827 4048 Cujac.,
1880 3981 2122 4032 Tractat.
2164 3982 2238 4032 ad
2260 3983 2438 4049 Afric.

264 4066 355 4117 lib.
384 4065 521 4119 Vnt.
565 4066 628 4116 ad
654 4065 754 4129 leg.
785 4065 870 4116 33.
911 4063 1026 4128 Dig.
1070 4064 1242 4114 locati.
1317 4066 1779 4118 Brunnemann
1799 4105 1814 4132 ,
1845 4069 2049 4119 Comm.
2078 4068 2153 4117 ad
2175 4068 2343 4118 Pand.
2374 4070 2437 4119 ad

266 4152 302 4201 l.
336 4153 416 4204 14.
446 4151 562 4216 mg.
591 4149 733 4216 (ΧΠ,
764 4149 840 4215 5),
883 4150 975 4199 sub
1001 4148 1096 4200 No.
1130 4150 1215 4200 18.
1286 4151 1366 4199 Bo
1388 4153 1737 4218 rebolten‚
1794 4156 2001 4204 Comm.
2041 4155 2114 4203 ad
2143 4154 2323 4204 Ins-tit.
2376 4156 2440 4204 ad

267 4237 370 4302 §3.
401 4235 526 4302 (111,
555 4236 645 4301 23)
685 4236 776 4285 sub
813 4236 864 4286 3.
907 4237 959 4286 4.
1035 4234 1280 4298 Gliick,
1322 4236 1601 4288 Erlci'uter.
1632 4239 1727 4290 der
1751 4240 1923 4289 Pand.
1975 4239 2065 4288 Bd.
2106 4238 2192 4289 lV.
2237 4256 2285 4306 p.
2315 4241 2435 4292 373.

267 4323 551 4381 Bucher,
590 4320 761 4372 Bet-ht
793 4320 889 4369 der
911 4319 1299 4384 For-deruugen
1336 4320 1479 4385 §47.
1552 4324 1959 4389 Burchardi,
1999 4325 2171 4375 Lelzrc
2205 4342 2305 4376 von
2344 4327 2441 4377 der

266 4408 617 4461 IViedcreins.
647 4406 674 4473 §
703 4406 752 4457 9.
781 4405 967 4472 p.1l2.
1007 4403 1507 4476 Miihlenbruch,
1535 4410 1729 4463 Leltrb.
1757 4412 1810 4463 d.
1838 4411 2008 4463 Pand.
2038 4411 2129 4463 Bd.
2161 4411 2221 4463 11.
2252 4412 2297 4476 §-
2316 4413 2435 4464 365.
