2782 5052
1015 336 1615 398 *41—

170 537 174 540 ”
219 544 373 587 vero
404 522 716 608 quidquam
749 522 966 601 obstat,
1004 523 1318 607 quominus
1349 534 1647 607 putemuS‚
1679 523 1835 588 idem
1866 523 1959 587 hic
1981 523 2138 609 juris
2170 522 2405 586 ratione

221 631 473 709 dictari,
523 630 676 713 quod
723 631 793 692 de
823 631 1140 693 venditore
1173 641 1234 692 et
1265 629 1526 692 locatore
1555 629 1759 693 valere
1790 630 2222 693 intelleximuS.
2289 629 2424 695 Ita-⁷

224 758 340 820 que
374 758 551 821 quum
584 737 739 799 alter
767 735 966 800 socius
1000 737 1253 800 faciendi
1289 736 1708 820 obligationem
1732 784 1749 816 ,
1801 757 2012 821 operas
2044 736 2401 821 susceperit,

223 855 289 906 et
319 844 633 926 quominus
666 862 768 905 eas
800 851 1087 925 praestet,
1122 862 1326 905 rerum
1359 855 1575 906 natura
1605 843 1997 927 impediatur:
2036 863 2228 924 neque
2259 843 2409 904 alte-

221 971 358 1013 rum
406 949 730 1032 obligatum
775 970 1016 1012 manere
1062 951 1381 1033 putandum
1417 962 1544 1025 est,
1596 950 1753 1014 sicut
1796 950 2060 1013 locatore
2092 970 2406 1032 operarum

223 1055 508 1140 impedito
555 1055 910 1117 locationem
958 1056 1410 1118 conductionem
1456 1057 1683 1120 resolvi
1725 1057 2015 1135 vidimus3
2067 1055 2219 1118 alter
2259 1077 2407 1118 vero

223 1164 298 1224 ad
343 1183 470 1224 rem
514 1162 576 1224 in
626 1181 993 1224 communem
1041 1183 1211 1224 usum
1256 1167 1391 1244 (per
1435 1175 1664 1225 certum
1699 1174 1956 1246 tempus)
1993 1163 2406 1246 praestandam

225 1268 546 1351 obligatus,
579 1289 754 1348 quum
786 1268 1163 1352 impediatur,
1194 1269 1509 1351 quominus
1541 1281 1610 1333 ut
1640 1269 1725 1332 uti
1763 1271 1875 1334 frui
1909 1270 2087 1333 liceat
2117 1279 2406 1353 praestet,

226 1377 485 1440 societas
530 1397 650 1438 non
682 1372 1056 1458 manehit⁵);
1103 1375 1292 1437 altero
1327 1376 1578 1458 denique
1611 1377 1682 1439 ad
1717 1397 1839 1438 rem
1875 1388 2097 1441 certam
2130 1378 2188 1438 in
2225 1376 2409 1438 domi-

226 1485 306 1546 nii
352 1481 831 1546 communionem
880 1482 1291 1565 praestandam
1328 1481 1586 1567 obligato
1609 1529 1625 1557 ,
1676 1492 1737 1545 et
1767 1494 2071 1566 postquam
2109 1485 2179 1545 de
2209 1483 2409 1566 specie

225 1591 580 1675 praestanda
617 1591 742 1674 jam
791 1588 1185 1650 convenerint
1226 1589 1414 1667 socii,
1466 1589 1779 1673 quominus
1829 1589 2255 1672 obligationem
2300 1591 2408 1652 im-

226 1698 404 1781 pleat,
442 1697 745 1778 impedito,
782 1695 935 1757 idem
974 1695 1175 1757 valere
1208 1695 1647 1770 existimamus,
1684 1697 1836 1778 quod
1870 1696 1941 1757 de
1974 1695 2232 1758 emtione
2261 1717 2410 1758 ven-

228 1804 452 1867 ditione
500 1803 801 1879 diximus3
852 1821 950 1864 res
985 1801 1142 1863 enim
1175 1803 1566 1885 praestanda,
1618 1825 1794 1885 quum
1816 1805 1943 1888 jam
1979 1802 2273 1866 destinata
2304 1802 2408 1864 fini

227 1911 534 1974 societatis
565 1909 644 1971 sit
674 1919 735 1969 et
765 1908 1051 1970 obstricta
1072 1954 1087 1984 ‚
1126 1927 1288 1969 mero
1323 1908 1544 1970 domini
1577 1909 1827 1971 arbitrio
1848 1956 1864 1987 ,
1903 1931 2253 1993 quamquam
2284 1918 2407 1972 tra-

227 2017 348 2078 dita
378 2015 637 2077 nondum
672 2026 786 2092 est,
823 2023 1086 2092 exemta,
1122 2026 1182 2077 et
1211 2014 1502 2076 interiens
1534 2016 1803 2077 societati
1834 2016 2083 2079 interire
2112 2018 2410 2080 censenda

228 2134 344 2185 est.
408 2122 732 2185 Praeterea
774 2143 922 2187 vero
969 2141 1044 2183 ne
1088 2121 1665 2204 praetermittamus,
1717 2123 1868 2204 quod
1914 2123 1977 2184 in
2022 2125 2309 2186 societate
2348 2134 2409 2186 et

226 2239 470 2313 propter
499 2228 748 2312 periculi
780 2228 1089 2310 damnique
1126 2228 1602 2291 communionem
1636 2238 1696 2290 et
1727 2230 1861 2311 quia
1893 2229 2215 2312 singularis
2249 2251 2408 2292 com-

230 2335 529 2401 munionis
562 2335 697 2398 finis
730 2335 1065 2418 singulares
1098 2356 1292 2398 ncxus
1326 2356 1396 2397 ac
1426 2333 1877 2396 vicissitudines
1904 2335 2249 2419 saepissime
2271 2356 2409 2418 pro-

229 2438 498 2523 creatss),
552 2442 785 2505 alienae
829 2463 865 2504 a
912 2451 1120 2504 nostra
1166 2440 1510 2523 quaestione
1556 2461 1774 2504 causae
1821 2441 2087 2504 existere
2130 2451 2402 2525 possunt,

225 2549 433 2631 quibus
483 2549 638 2612 coita
671 2550 930 2612 societas
963 2549 1318 2613 resolvatur.
1386 2547 1677 2631 Imprimis
1710 2547 1768 2609 id
1801 2550 2120 2611 tenendum
2153 2567 2286 2612 esse
2319 2548 2406 2609 vi-

226 2656 433 2733 detur,
486 2655 830 2720 societatem
881 2649 1015 2718 non
1048 2656 1255 2717 eodem
1301 2654 1415 2715 dici
1458 2676 1635 2744 posse
1667 2675 1848 2719 sensu
1880 2665 2148 2717 mutuam
2183 2653 2407 2738 obliga-

225 2762 447 2824 tionem
470 2809 486 2840 ,
537 2783 652 2846 quo
685 2762 870 2824 ceteri
905 2772 1244 2825 contractus
1278 2761 1585 2840 dicantur3
1637 2760 1904 2844 quamvis
1953 2760 2110 2823 enim
2143 2761 2213 2824 ab
2247 2772 2407 2822 utra-

228 2888 341 2950 que
386 2878 553 2952 parte
598 2869 812 2950 aliquid
845 2870 1264 2951 praestandum
1295 2869 1408 2944 sit,
1460 2878 1660 2930 tamen
1690 2869 1875 2931 altera
1906 2868 2227 2953 praestatio
2262 2866 2408 2931 alte-

217 2976 356 3038 rius-
381 2975 785 3058 compensatio
820 2972 1300 3062 (Aeqzcz‘valent)
1330 2974 1440 3038 vix
1472 2975 1585 3050 dici
1618 2986 1836 3060 potest.

223 3222 326 3265 tres
354 3231 511 3281 equos
538 3214 772 3278 habereS,
803 3222 855 3266 et
880 3231 909 3265 a
936 3232 1014 3266 me
1029 3254 1045 3280 ‚
1077 3216 1160 3282 qui
1187 3232 1335 3265 unum
1365 3218 1626 3281 haberem,
1660 3218 1935 3284 quadrigae
1962 3217 2406 3268 communicandae

223 3299 294 3350 ita
332 3301 470 3351 coita
488 3338 502 3366 ,
542 3307 599 3351 ut
632 3308 685 3350 tu
724 3301 923 3366 quidem
965 3308 1068 3351 tres
1092 3309 1264 3367 partes
1290 3302 1510 3352 haberes
1529 3339 1543 3363 ‚
1583 3318 1675 3365 ego
1702 3310 1932 3367 quartam
1952 3339 1965 3365 ‚
2009 3304 2051 3352 si
2079 3319 2237 3367 equus
2264 3317 2406 3351 meus

221 3386 498 3448 moriatur,
540 3401 630 3434 nos
667 3386 830 3436 socios
863 3367 1067 3436 manere
1092 3415 1162 3424 —-
1188 3387 1251 3436 ad
1289 3402 1378 3435 nos
1414 3402 1508 3435 non
1536 3387 1786 3453 pertinet,
1827 3387 1944 3452 quia
1971 3387 2206 3453 supponit
2233 3385 2402 3450 lctus,

221 3486 403 3535 equum
432 3470 543 3535 jam
581 3471 632 3520 in
671 3473 969 3522 societatem
1006 3473 1275 3536 collatum,
1318 3472 1530 3536 ideoque
1570 3487 1668 3521 una
1697 3472 1940 3522 ambobus
1966 3472 2121 3522 sociis
2148 3472 2405 3522 interiisse

220 3570 430 3605 censere
468 3563 684 3621 oportet.
739 3556 883 3623 Quod
920 3557 991 3607 ita
1018 3573 1130 3608 esse
1151 3594 1165 3621 ,
1206 3573 1268 3607 ex
1297 3572 1357 3607 eo
1384 3565 1623 3623 apparet,
1662 3558 1793 3623 quod
1832 3557 2074 3624 Ulpianus
2101 3557 2164 3607 ad
2190 3558 2403 3607 alteram

220 3639 348 3703 legis
376 3641 593 3705 speciem
614 3644 870 3692 transiens
897 3642 1051 3692 dicit=
1089 3642 1375 3707 „Ceterum
1404 3643 1446 3692 si
1474 3644 1524 3693 id
1550 3650 1717 3693 actum
1742 3644 2007 3708 dicatur“,
2029 3643 2240 3709 ideoque
2266 3642 2407 3692 aliud

218 3725 365 3774 modo
392 3726 675 3786 consil-ium,
706 3728 916 3777 eandem
945 3743 1068 3777 vero
1099 3728 1221 3779 facti
1248 3729 1465 3796 speciem
1492 3728 1664 3792 fingit3
1705 3730 1756 3779 in
1781 3729 1949 3796 priore
1976 3737 2143 3779 autem
2169 3743 2290 3779 casu
2321 3727 2407 3778 Ul-

219 3811 422 3876 pianum
450 3814 776 3877 supposuisse
795 3851 808 3877 ,
836 3829 1015 3879 equum
1036 3815 1146 3879 Jam
1174 3814 1416 3863 traditum
1445 3830 1579 3878 esse,
1610 3831 1673 3864 ex
1700 3831 1758 3864 eo
1786 3815 2120 3878 colligendum
2147 3821 2244 3876 est,
2274 3812 2404 3878 quod

221 3895 436 3946 dicitur:
490 3899 795 3960 ‚,contulit“
835 3926 895 3935 —
943 3905 1192 3965 „accepto
1229 3915 1356 3964 equo
1395 3901 1550 3950 meo“
1601 3907 1654 3949 et
1695 3907 1856 3963 ,‚ante
1892 3900 2299 3949 venditionem“.
2338 3925 2406 3936 —

222 3983 274 4046 5)
311 3981 374 4032 L.
406 3983 490 4034 58.
531 3998 609 4048 pr.
636 3984 725 4033 cit.
769 3999 865 4033 non
906 3985 1302 4034 communionem
1345 4001 1468 4035 usus
1507 3992 1735 4051 spectat,
1774 3986 1863 4035 s'ed
1905 3984 2404 4034 communicationem

216 4081 358 4132 eam,
402 4084 501 4133 qua
539 4077 751 4134 uterque
786 4077 979 4134 partem
1017 4070 1202 4120 habeat
1241 4071 1453 4135 ideoque
1489 4077 1701 4134 uterque
1740 4070 2065 4120 condominus
2103 4070 2310 4120 existat.
2338 4096 2406 4109 —-

217 4151 276 4216 6)
314 4152 386 4204 cf.
417 4153 619 4206 Waoh
641 4163 773 4219 ter,
803 4156 1076 4220 Arellius.
1106 4155 1246 4205 civil.
1275 4157 1367 4205 Pr.
1397 4153 1514 4205 XV.
1545 4173 1595 4221 p.
1624 4156 1745 4208 206.
