2782 5052
1156 327 1755 393 -12-....

375 514 698 600 praestatio
743 526 879 598 post
921 516 1137 579 factam
1168 514 1405 578 demum
1437 514 1509 577 ab
1542 513 1733 577 altero
1763 513 2227 597 praestationem
2260 513 2382 598 peti
2413 534 2561 598 pos-

375 623 478 700 sit,
524 642 644 684 non
683 621 873 706 ipsam
902 622 1198 686 internam
1230 620 1614 702 obligationis
1644 631 1921 683 naturam
1954 621 2167 705 tangit,
2216 622 2321 685 sed
2363 623 2560 686 actio-

375 750 511 793 nem
535 739 765 792 tantum
790 729 1010 808 differt,
1046 747 1238 812 neque
1259 729 1450 812 ipsum
1476 728 1611 790 ideo
1632 729 1735 812 jus
1757 727 2138 811 obligationis
2162 729 2225 793 in
2251 749 2557 813 suspenso

375 836 682 918 relinquit,
729 835 838 899 sed
881 836 1193 918 quominus
1238 833 1396 898 actio
1438 833 1669 898 utiliter
1710 835 2055 898 intendatur
2095 835 2360 920 impedit,
2416 857 2558 899 cum

374 963 481 1007 reo
514 943 793 1027 exceptio
825 964 946 1006 non
976 941 1278 1026 adimpleti
1309 951 1651 1004 contractus
1683 961 1963 1005 concessa
1995 941 2077 1006 sit
2097 941 2178 1027 4’).
2268 941 2559 1005 Attamen

376 1049 436 1112 id
482 1051 716 1132 quidem
758 1048 1133 1133 perspicuum
1180 1058 1297 1127 est,
1344 1048 1408 1110 in
1453 1056 1663 1110 nostra
1706 1048 2057 1130 quaestione
2099 1070 2221 1111 non
2264 1048 2335 1112 de
2367 1048 2561 1111 dilata

377 1156 639 1235 actione,
674 1156 783 1220 sed
812 1155 884 1219 de
916 1154 1219 1219 existente
1250 1155 1350 1220 vel
1379 1164 1781 1218 evanescente
1812 1154 2189 1238 obligationis
2222 1175 2387 1219 nexu
2425 1155 2556 1238 agi.

1215 1447 1559 1510 suono
1622 1448 1716 1510 11.

378 1600 452 1646 In
478 1599 727 1654 singulis
754 1601 1158 1646 contractuum
1186 1599 1499 1652 senei-ihus
1526 1599 1666 1651 quid
1687 1600 1827 1650 jure
1848 1599 2107 1644 Romano
2135 1599 2564 1652 praescriptum

1226 1673 1322 1724 sit,
1342 1672 1709 1722 disquiritur.

559 1865 593 1946 ἓ
636 1861 702 1926 9.
795 1863 843 1926 Ι.
893 1863 991 1928 De
1037 1864 1345 1928 locatione
1390 1862 1798 1926 conductione
1843 1882 2077 1926 rerum.
2144 1862 2437 1945 Obligatio
2470 1881 2564 1924 ex

380 1970 494 2032 hoc
550 1979 856 2032 contractu
911 1969 1113 2034 oriens
1171 1970 1552 2034 conductoris
1608 1969 1885 2032 colonive
1942 1968 2379 2053 simplicissima
2421 1978 2558 2031 est:

381 2077 672 2138 mercedis
697 2077 864 2161 justo
894 2087 1159 2160 tempore
1189 2077 1552 2154 solvendae3
1588 2076 1871 2140 locatoris
1906 2086 2104 2138 autem
2136 2087 2253 2154 est,
2290 2075 2557 2151 efficere,

379 2194 446 2246 ut
475 2168 932 2268 conductor-“per
963 2193 1188 2246 certum
1222 2184 1505 2266 temporis
1538 2184 1791 2267 spatium
1821 2203 1890 2246 re
1920 2183 2010 2245 uti
2040 2183 2253 2259 liceat,
2302 2182 2563 2262 ideoque

380 2300 448 2352 ut
491 2311 740 2354 vacuam
797 2291 890 2369 ei,
943 2289 1043 2371 qui
1081 2309 1210 2353 rem
1253 2291 1516 2353 nondum
1560 2289 1823 2367 detinet,
1871 2288 2314 2375 possessionem
2359 2289 2561 2350 tradat

380 2397 586 2478 reique
628 2417 736 2480 per
779 2408 968 2460 totum
1013 2406 1246 2480 tempus
1287 2407 1644 2480 potestatem
1689 2396 1872 2459 faciat
1912 2395 2184 2458 liberam.
2248 2394 2375 2457 Jam
2405 2415 2560 2457 vero

274 2591 277 2592 γ
384 2503 658 2585 quoniam
708 2524 899 2594 genus
957 2504 1158 2588 perire
1215 2525 1335 2567 non
1398 2513 1716 2583 censetur,
1777 2501 2115 2567 absolutum
2176 2500 2561 2563 conductoris

384 2608 865 2692 impedimentum
899 2612 1278 2695 obligationis
1318 2609 1654 2693 implendae
1686 2609 1937 2694 cogitari
1973 2630 2090 2671 non
2122 2617 2357 2691 potest3
2393 2606 2559 2668 loca-

384 2716 498 2777 tori
544 2736 690 2779 vero
723 2719 906 2780 multa
936 2730 1189 2803 possunt
1219 2717 1485 2793 obstare,
1522 2716 1836 2799 quominus
1868 2726 1969 2779 aut
1997 2736 2125 2778 rem
2161 2714 2400 2776 omnino
2432 2724 2562 2775 tra-

386 2819 554 2900 dat¹)
588 2832 691 2883 aut
721 2826 1014 2884 fructuum
1050 2846 1220 2887 usum
1252 2823 1575 2906 impertiat.
1639 2823 1715 2885 Et
1748 2824 1811 2885 in
1841 2822 2003 2885 hisce
2036 2820 2268 2884 casibus
2299 2820 2431 2902 quid
2456 2821 2559 2905 ju-

383 2925 470 2988 ris
524 2925 830 3008 disciplina
887 2929 1106 2991 dictat?
1165 2929 1456 2993 Cessante
1520 2929 1797 2992 facultate
1844 2927 2130 2991 locatoris
2176 2926 2561 3009 obligationis

383 3033 716 3116 implendae
750 3034 927 3096 etiam
960 3036 1372 3098 conductorem
1408 3056 1574 3098 nexu
1607 3035 1849 3098 liberari
1880 3034 2040 3120 juris
2074 3044 2167 3097 est
2183 3033 2561 3095 manifestis-

386 3139 551 3203 simi:
603 3140 686 3202 ita
732 3140 976 3203 aedibus
1022 3141 1254 3205 exustis
1299 3143 1429 3226 ejus
1478 3143 1653 3204 modo
1702 3142 2023 3224 temporis,
2076 3162 2192 3222 quo
2224 3139 2559 3202 aedificium

387 3246 645 3324 steterit,
675 3248 1088 3330 praestandam
1108 3268 1242 3310 esse
1259 3249 1622 3325 mercedem,
1654 3249 1867 3310 docent
1888 3248 1930 3310 l.
1957 3246 2021 3309 9.
2059 3248 2091 3329 §
2130 3245 2188 3309 1.
2237 3247 2309 3307 D.
2346 3244 2552 3323 locati,

385 3352 429 3414 l.
469 3350 570 3413 19.
610 3354 641 3435 ἓ
676 3354 766 3431 6.,
805 3353 846 3415 l.
884 3352 988 3416 30.
1027 3356 1058 3436 ξ
1096 3353 1154 3416 1.
1192 3355 1353 3431 eod.,
1391 3354 1735 3436 quibuscum
1768 3362 2187 3437 comparentur
2218 3352 2261 3413 l.
2288 3351 2353 3414 9.
2391 3354 2424 3433 ξ
2458 3352 2556 3427 4.,

385 3457 430 3519 l.
467 3456 575 3520 25.
610 3460 640 3536 ἓ
671 3458 772 3536 2.,
824 3460 955 3522 etl.
992 3459 1098 3521 27.
1136 3461 1167 3541 ξ
1205 3459 1264 3521 1.
1313 3461 1385 3521 D.
1424 3462 1557 3524 eod.
1622 3460 1915 3543 Imprimis
1960 3460 2094 3542 lege
2140 3457 2243 3521 15.
2299 3460 2331 3541 §
2364 3458 2427 3521 2.
2476 3458 2555 3521 D.

389 3563 522 3627 eod.
577 3564 693 3641 „Si
728 3587 871 3648 ager
902 3576 1099 3627 terrae
1130 3576 1295 3628 motu
1325 3566 1407 3629 ita
1442 3568 1759 3644 corruerit,
1794 3578 1857 3629 ut
1890 3588 2179 3648 nusquam
2211 3565 2313 3643 sit,
2344 3566 2558 3627 damno

388 3670 612 3733 domini
658 3692 825 3734 esse:
875 3681 1161 3755 oportere
1201 3676 1357 3735 em‘m
1415 3695 1641 3758 agrum
1684 3675 2024 3759 praestari
2060 3672 2442 3749 conductori,
2491 3682 2561 3733 ut

387 3778 501 3840 frui
548 3778 786 3861 possit“
823 3779 1197 3861 apertissime
1230 3780 1540 3857 definitur,
1591 3780 1642 3842 si
1677 3780 1939 3857 locator,
1990 3778 2303 3861 quominus
2337 3799 2414 3840 ex
2447 3799 2561 3841 sua

388 3895 554 3967 parte
586 3884 950 3962 satisfaciat,
1001 3905 1202 3947 rerum
1236 3896 1454 3949 natura
1485 3886 1874 3969 impediatur,
1929 3886 2108 3948 etiam
2140 3887 2558 3948 conductorem

390 3990 770 4073 obligationis
813 3992 1053 4064 vinculo
1097 4003 1398 4055 exemtum
1429 4012 1603 4071 esse3
1640 3993 1831 4054 altera
1861 3993 2020 4056 enim
2051 3993 2376 4075 praestatio
2408 3991 2560 4054 alte-

526 4264 582 4327 4)
618 4265 686 4317 cf.
715 4266 934 4327 Liebe‚
974 4265 1314 4333 Zeita-clins.
1348 4266 1559 4318 Cia-R.
1588 4283 1642 4317 u.
1669 4266 1826 4319 Proc.
1855 4266 1946 4319 Bd.
1975 4265 2095 4332 XV,
2122 4283 2171 4333 p.
2199 4266 2322 4322 234.

531 4356 581 4421 1)
618 4354 687 4405 cf.
716 4356 753 4407 l.
783 4358 834 4408 9.
863 4372 964 4421 pr.‚
1004 4357 1041 4406 l.
1069 4357 1155 4411 24.
1185 4355 1213 4421 §
1241 4357 1291 4407 4.
1322 4354 1385 4405 D.
1416 4355 1571 4405 locati
1596 4356 1707 4422 (19,
1738 4356 1808 4421 1),
