2782 5052
980 413 1583 479 *35*-

181 603 474 688 subrepta
518 600 622 680 sit,
671 612 869 666 emtor
910 612 972 665 et
1012 602 1297 666 venditor
1337 600 1482 666 furti
1513 622 1694 687 agere
1725 615 2008 687 possunt3
2057 602 2371 687 utriusque

186 712 353 775 enim
380 710 665 786 interest,
703 729 831 771 rem
864 708 1054 787 tradi3
1080 716 1127 749 “
1189 729 1338 792 quae
1370 709 1699 788 sententia,
1742 732 2090 793 quamquam
2124 733 2160 774 a
2188 711 2372 774 Justi-

187 818 377 881 niano
410 838 531 879 non
581 826 676 879 est
703 825 946 900 recepta
978 815 1141 879 inter
1167 816 1358 899 leges,
1394 827 1597 900 aperte
1631 827 1830 879 tamen
1862 816 2111 894 evincit,
2147 827 2216 880 ut
2245 817 2370 880 sin-

185 923 420 1008 gularis
437 923 542 986 illa
559 922 822 986 conditio
855 923 1127 999 emtoriS,
1156 943 1306 1005 quae
1327 933 1468 985 ante
1494 923 1774 986 traditam
1797 945 1925 987 rem
1951 923 2006 986 ei
2027 923 2132 1002 sit,
2168 923 2373 1006 agnita

188 1041 277 1108 et,
324 1029 817 1112 quemadmodum
862 1049 963 1092 res
1006 1039 1164 1092 emta
1208 1049 1320 1092 nee
1362 1031 1489 1114 jam
1537 1030 1755 1092 tradita
1802 1031 1876 1093 ad
1917 1030 2070 1093 bona
2125 1030 2372 1093 emtoris

187 1137 512 1200 referenda
543 1136 645 1214 sit,
682 1135 1077 1218 significatum
1110 1135 1214 1198 sit.
1292 1136 1480 1215 Quam
1510 1136 1810 1200 vendendi
1841 1136 2367 1220 significationem,

192 1265 312 1326 qua
358 1244 603 1320 dieitur,
649 1242 735 1305 ita
777 1241 849 1305 de
890 1261 958 1304 re
1003 1241 1262 1324 disponi,
1309 1253 1410 1321 ut,
1460 1265 1807 1327 quamquam
1866 1253 2057 1307 emtor
2100 1243 2374 1306 dominus

192 1349 460 1413 nondum
494 1347 781 1425 evaserit,
817 1358 1014 1410 tamen
1044 1348 1116 1410 ad
1147 1347 1305 1410 bona
1336 1349 1469 1433 ejus
1499 1351 1820 1427 referatur,
1878 1349 2058 1412 etiam
2088 1349 2152 1412 in
2185 1349 2227 1411 l.
2262 1346 2369 1412 67.

195 1479 289 1542 pr.
327 1458 404 1520 D.
440 1456 511 1519 de
541 1455 616 1519 V.
654 1452 717 1516 S.
756 1453 1017 1537 exprimi
1047 1453 1346 1534 arbitror3
1395 1455 1478 1517 ibi
1512 1456 1668 1518 enim
1697 1456 1881 1519 verba
1912 1475 2022 1519 ea:
2077 1455 2376 1533 „Aliena-

199 1576 326 1627 tum
371 1585 495 1626 non
540 1561 778 1646 proprie
823 1559 1075 1635 dicitur,
1137 1561 1291 1642 quod
1352 1561 1545 1625 adhue
1600 1563 1664 1624 in
1722 1561 1985 1625 dominio
2039 1561 2374 1625 venditoris

198 1681 438 1748 manet,
501 1669 814 1732 venditum
857 1677 1059 1729 tamen
1111 1676 1279 1730 reete
1326 1667 1610 1731 dicetur“
1660 1667 1951 1751 singulari
1990 1667 2053 1732 vi
2108 1667 2379 1751 praedita

199 1797 339 1840 esse
384 1774 765 1859 perspicuum
808 1784 934 1837 est:
1003 1773 1420 1850 „venditum“
1467 1774 1526 1838 id
1558 1786 1687 1838 est:
1737 1795 1858 1837 non
1890 1772 2214 1838 dominium
2248 1774 2378 1856 qui-

202 1885 336 1947 dem
370 1881 677 1959 amissum,
727 1880 834 1944 sed
861 1880 1052 1944 libera
1085 1879 1246 1965 juris
1291 1881 1543 1945 facultas
1590 1883 1660 1945 de
1691 1902 1759 1944 re
1789 1903 1897 1967 pro
1929 1902 2095 1945 mero
2128 1880 2378 1945 arbitrio

202 1988 558 2074 disponendi
593 1985 864 2071 deposita
886 2002 1031 2051 “esse
1061 1987 1320 2052 videtur.
1396 1987 1593 2050 Etiam
1637 1989 1895 2052 clariora
1934 1991 2060 2052 fere
2115 2008 2188 2052 ea
2228 1997 2371 2050 sunt

207 2094 423 2171 verba,
459 2113 608 2177 quae
643 2093 928 2178 Ulpianus
962 2093 1200 2157 Celsum
1233 2114 1489 2177 sequens
1519 2095 1581 2157 in
1613 2095 1656 2158 l.
1696 2093 1798 2158 13.
1834 2097 1867 2178 §
1902 2093 2005 2158 17.
2041 2095 2114 2157 D.
2152 2096 2224 2158 de
2256 2105 2375 2157 aet.

206 2202 354 2267 emti
383 2202 562 2266 vend.
600 2199 735 2283 (19,
773 2199 836 2280 1)
880 2200 943 2262 in
975 2200 1133 2263 huno
1175 2221 1417 2266 sensum
1450 2201 1627 2265 feeitz
1692 2201 1910 2278 Fundi,
1946 2221 2119 2282 quem
2152 2213 2213 2264 tu
2246 2222 2380 2264 cum

205 2310 373 2373 Titio
422 2326 795 2371 communem
839 2304 1123 2385 habebas,
1187 2319 1415 2392 partem
1461 2319 1622 2371 tuam
1670 2329 1847 2390 quum
1891 2306 2272 2384 vendideris»,
2320 2317 2382 2369 et

206 2427 527 2498 antequam
572 2414 876 2493 traderes,
940 2425 1182 2478 coaetus
1225 2414 1312 2478 sis
1367 2414 1667 2477 communi
1729 2412 2047 2477 dividundo
2093 2412 2385 2498 judicium

206 2523 518 2607 accipere:
570 2532 850 2585 eventum
881 2520 1056 2606 hujus
1079 2518 1319 2607 judicii,
1364 2521 1792 2604 qualiscunque
1837 2519 1940 2595 sit,
1989 2521 2058 2582 ad
2095 2530 2383 2583 emtorem

207 2629 541 2715 pertinere,
577 2628 759 2711 quid?
800 2630 956 2712 quod
988 2629 1041 2691 si
1072 2628 1181 2690 tibi
1214 2638 1374 2691 totus
1405 2628 1622 2691 fundus
1654 2626 2025 2712 adjudicatus
2057 2627 2159 2703 sit,
2196 2636 2384 2688 totum

209 2757 347 2799 eum
394 2734 609 2800 emtori
653 2746 961 2819 praestare
1002 2746 1062 2798 te
1108 2734 1348 2813 debere,
1411 2755 1717 2817 „aequum
1762 2744 1857 2797 est
1901 2733 2085 2811 enim,
2132 2733 2386 2796 eandem

211 2865 346 2906 esse
378 2842 788 2905 conditionem
821 2845 1093 2917 emtor-is,
1129 2842 1543 2927 quaefutura
1574 2851 1757 2914 esset,
1792 2843 1855 2904 si
1878 2862 2009 2903 cum
2027 2842 2159 2925 ipso
2180 2850 2383 2903 aetum

212 2957 382 3012 esset
425 2948 734 3010 communi
776 2948 1190 3027 divz'dmedo,“
1239 2950 1394 3031 quod
1438 2947 1589 3011 nihil
1634 2947 1793 3011 aliud
1833 2946 1948 3011 sibi
1993 2947 2159 3027 vult,
2210 2969 2384 3030 quam

211 3055 367 3119 boet
410 3054 656 3118 emtoris
686 3073 755 3116 re
786 3064 941 3117 emta
973 3054 1219 3117 necdum
1255 3054 1475 3118 tradita
1508 3055 1754 3118 eandem
1789 3075 1922 3117 esse
1955 3054 2383 3131 conditionem,

212 3180 365 3243 quae
383 3159 606 3223 domini
623 3160 725 3224 sit.
791 3161 1024 3224 Haecee
1057 3160 1262 3224 eadem
1294 3170 1388 3224 est
1418 3160 1744 3238 sententia,
1780 3180 1930 3242 quae
1962 3182 1993 3223 a
2018 3160 2189 3223 nobis
2210 3181 2390 3244 supra

215 3266 494 3352 exposita
527 3277 655 3329 est:
715 3265 1088 3330 venditorem
1132 3267 1396 3350 perfecta
1438 3266 1698 3329 emtione
1760 3266 1974 3329 emtori
2033 3287 2152 3328 non
2201 3265 2387 3328 domi·

213 3373 379 3436 nium
412 3372 645 3455 quidem
678 3374 788 3454 (ex
808 3374 949 3457 jure
978 3373 1299 3455 Romano),
1348 3373 1453 3435 sed
1494 3373 1740 3436 eandem
1786 3371 2185 3435 conditionem
2219 3392 2390 3455 prae-

215 3490 407 3555 stare,
452 3498 605 3560 quae
647 3477 837 3562 ipsius
880 3478 963 3541 sit
1005 3478 1250 3542 domini.
1347 3478 1571 3558 Quibus
1604 3478 1870 3541 addenda
1902 3486 1996 3539 est
2025 3477 2068 3539 l.
2105 3475 2210 3540 31.
2256 3479 2289 3560 ἓ
2324 3476 2384 3539 1.

216 3587 291 3649 D.
315 3585 388 3647 de
403 3595 520 3647 aet.
546 3584 725 3669 empti
758 3583 970 3669 (19,1)
996 3610 1011 3648 ε
1065 3587 1326 3664 „Etnon
1342 3585 1557 3664 solum,
1579 3586 1731 3668 quod
1766 3586 1893 3669 ipse
1925 3604 2032 3668 per
2056 3603 2189 3646 eum
2225 3584 2385 3666 (scil.

217 3694 490 3771 servum)
522 3690 798 3773 adquisii,
834 3701 1140 3774 praestare
1172 3693 1396 3768 debeo,
1442 3695 1546 3757 sed
1593 3705 1654 3757 et
1695 3693 1793 3772 id,
1838 3692 1989 3775 quod
2040 3702 2233 3754 emtor
2261 3693 2392 3776 jam

218 3810 363 3863 tune
395 3797 509 3861 sibi
542 3797 760 3860 tradito
791 3817 972 3860 servo
1004 3798 1410 3881 adquisiturus
1442 3800 1736 3863 fuisset.“
1797 3798 1990 3882 Atque
2021 3818 2054 3860 e
2087 3798 2390 3860 contrario

217 3904 281 3967 in
315 3906 357 3968 l.
381 3902 488 3967 39.
510 3904 582 3965 D.
620 3904 692 3967 de
722 3903 929 3966 hered‘.
964 3903 1158 3967 instit.
1195 3905 1330 3988 (28,
1369 3907 1432 3987 5)
1471 3906 1816 3970 Marcianus
1849 3907 2045 3980 docet,
2081 3926 2212 3966 eum
2243 3924 2393 3967 ven-

218 4012 382 4075 ditor
425 4032 669 4076 servum
715 4022 855 4074 ante
887 4012 1268 4077 traditionem
1311 4012 1382 4076 ab
1429 4025 1659 4076 emtore
1719 4035 1826 4098 pro
1885 4023 2051 4097 parte
2112 4010 2393 4074 heredem

217 4117 512 4201 seriptum
544 4117 710 4181 adire
732 4118 943 4203 jubeat
971 4118 1188 4202 (‚,quia
1209 4119 1436 4182 lucrum
1456 4119 1652 4183 facere
1685 4121 1814 4204 ejus
1844 4119 2004 4183 servi
2028 4119 2188 4203 jure,
2221 4140 2395 4201 quem

218 4223 513 4300 vendidit,
551 4245 674 4286 non
706 4224 959 4304 debet,“
991 4226 1264 4290 Julianus
1294 4225 1358 4288 in
1391 4226 1433 4287 l.
1469 4224 1574 4290 38.
1611 4228 1644 4309 §
1677 4225 1737 4290 5.
1776 4227 1908 4289 eod.
1946 4224 2113 4307 dicit)
2158 4225 2219 4288 id
2250 4246 2396 4290 ven-

220 4329 482 4392 ditorem
501 4329 718 4393 debere
743 4344 1074 4415 praestare,
1096 4332 1250 4415 quod
1267 4331 1555 4414 oonsequi
1585 4355 1707 4396 non
1738 4333 2053 4418 potuisset,
2089 4332 2166 4410 si,
2202 4333 2397 4418 prius-

221 4457 399 4519 quam
432 4436 627 4500 adiret
656 4457 870 4502 servus
901 4450 1129 4522 partem
1161 4438 1533 4520 hereditatis,
1582 4438 1635 4504 is
1682 4440 1935 4504 traditus
1969 4450 2149 4516 esset,
2195 4441 2397 4523 itaque

1901 4542 1983 4605 3*
