2782 5052
1488 368 1831 432 26——

440 581 531 644 pr.
568 560 640 621 D.
677 560 853 622 eod.:
909 558 1135 636 „Ratio
1169 555 1594 639 possessioniS‚
1630 574 1778 636 quae
1808 575 1846 616 a
1873 554 2187 618 venditore
2216 555 2349 618 fieri
2379 555 2617 634 debeat,

439 666 578 729 talis
611 676 726 743 est,
790 675 856 728 ut
885 665 939 728 si
970 665 1104 747 quis
1137 683 1266 727 eam
1299 663 1741 749 possessionem
1766 662 1907 746 jure
1937 661 2309 741 avocaverit,
2376 663 2622 727 tradita

430 775 748 858 possessio
789 794 912 836 non
953 771 1440 854 intelligatur.“
1531 768 1737 851 Itaque
1781 767 1928 831 haec
1954 779 2066 851 vest
2106 768 2198 831 vis
2243 779 2427 851 atque
2468 770 2620 832 ratio

437 877 609 941 vocis
640 877 1004 956 traditionis,
1043 888 1107 939 ut
1134 877 1246 939 sit:
1285 876 1525 939 tradere
1557 896 1690 937 cum
1722 875 1936 938 effectu
1966 913 2052 922 —
2079 875 2144 936 in
2173 894 2345 956 quem
2378 895 2620 939 sensum

440 985 482 1046 1.
519 983 624 1047 30.
678 982 805 1066 §1-
854 985 928 1048 D.
981 985 1052 1047 de
1096 994 1214 1047 act.
1261 982 1402 1045 emti
1448 980 1627 1044 dicit:
1681 993 1805 1059 „ut
1845 992 1972 1045 rem
2021 982 2238 1044 habere
2279 981 2520 1044 liceat“
2564 994 2619 1045 et

439 1091 483 1154 l.
521 1089 668 1153 164.
706 1091 739 1172 ξ
770 1089 834 1153 2.
871 1091 943 1154 D.
981 1091 1051 1153 de
1082 1091 1157 1153 V.
1195 1089 1258 1152 S.
1330 1087 1643 1166 ,‚Habere,
1680 1088 1837 1152 sieut
1866 1087 2205 1171 pervenire,
2240 1109 2371 1150 cum
2408 1090 2617 1152 effectu

440 1197 930 1281 accipiendum“,
978 1197 1020 1258 1.
1064 1194 1207 1260 188.
1244 1217 1334 1280 pr.
1373 1195 1445 1256 D.
1484 1196 1621 1257 eod.
1673 1194 1965 1274 „Habere
1996 1194 2222 1259 duobus
2254 1195 2447 1259 modis
2479 1195 2618 1258 dici-

440 1313 561 1380 tur,
610 1303 798 1365 altero
837 1303 976 1387 jure
1019 1301 1265 1379 domini,
1317 1302 1509 1365 altero
1543 1302 1816 1365 obtinere
1848 1301 1979 1364 sine
2012 1300 2493 1385 interpellatione
2538 1303 2613 1378 id,

441 1409 595 1491 quod
626 1408 757 1491 quis
791 1409 1055 1471 emerit“
1091 1420 1150 1472 et
1183 1409 1224 1471 1.
1259 1407 1367 1472 71.
1405 1430 1497 1492 pr.
1534 1410 1603 1473 D.
1629 1408 1763 1472 eod.
1804 1407 2032 1485 „Aliud
2065 1418 2159 1471 est
2189 1428 2427 1491 capere,
2461 1408 2617 1470 aliud

441 1517 751 1599 accipere3
802 1536 1016 1598 capere
1048 1536 1182 1578 cum
1216 1514 1430 1579 effectu
1462 1515 1787 1599 accipitur3
1839 1514 2134 1598 accipere,
2188 1515 2301 1578 etsi
2333 1515 2465 1596 quis
2501 1536 2617 1577 non

440 1622 692 1706 accepit,
741 1634 808 1685 ut
838 1621 1086 1700 habeat3
1135 1622 1385 1704 ideoque
1434 1643 1554 1684 non
1598 1621 1836 1684 videtur
1866 1620 1998 1702 quis
2031 1639 2268 1703 capere,
2319 1621 2472 1702 quod
2507 1621 2617 1682 erit

439 1729 911 1792 restituturus“.
1004 1727 1171 1790 Unde
1216 1728 1474 1813 intelligi
1518 1729 1729 1807 debet,
1792 1727 1846 1791 si
1892 1727 2131 1804 dicitur,
2195 1727 2497 1789 venditori
2528 1727 2617 1789 in-

441 1836 721 1898 cumbere
754 1834 1174 1898 necessitatem
1206 1835 1425 1898 mercis
1450 1836 1795 1911 tradendae,
1823 1855 1943 1897 non
1968 1834 2039 1896 de
2064 1832 2219 1896 nuda
2246 1832 2613 1910 detentione,

441 1942 548 2006 sed
591 1941 662 2002 de
705 1962 895 2004 vacua
937 1950 998 2004 et
1038 1941 1110 2003 ab
1153 1942 1313 2004 omni
1345 1941 1829 2026 interpellatione
1859 1940 2049 2002 libera
2081 1939 2460 2022 possessione
2496 1938 2613 2020 agi,

441 2057 504 2108 et
537 2047 842 2111 traditioni
874 2047 1296 2131 obligationem
1329 2048 1648 2112 evictionis
1690 2048 2086 2134 praestandae
2129 2045 2369 2123 inesse3
2417 2065 2617 2126 quem-
2731 2093 2732 2100 1

442 2153 755 2216 admodum
784 2153 827 2216 l.
848 2152 951 2216 52.
993 2155 1024 2235 §
1063 2153 1119 2215 l.
1156 2154 1225 2217 D.
1250 2155 1321 2218 de
1352 2154 1425 2217 V.
1454 2155 1525 2219 Ο.
1560 2152 1698 2235 (45,
1738 2153 1806 2232 1)
1838 2153 2019 2216 dicit:
2058 2152 2176 2230 „Si
2208 2152 2339 2234 quis
2372 2173 2617 2215 vacuam

443 2261 885 2344 possessionem
919 2261 1070 2323 tradi
1102 2260 1467 2343 promiserit,
1514 2282 1638 2322 non
1670 2258 2164 2342 nudumsactum
2197 2260 2344 2322 haec
2376 2258 2618 2341 stipula·
2731 2309 2732 2320 ,

441 2367 527 2429 tio
558 2368 906 2444 continebit,
942 2367 1047 2431 sed
1079 2388 1328 2430 causam
1364 2366 1743 2430 bonorum“.
1781 2363 1835 2448 1>
1902 2365 2113 2448 Neque
2141 2365 2323 2448 igitur
2356 2365 2427 2428 de
2459 2365 2615 2427 nudo

442 2474 597 2538 facto
629 2473 966 2539 traditionis
998 2495 1066 2538 ac
1098 2471 1459 2538 detentionis
1491 2472 1723 2556 agitur,
1774 2473 1879 2537 sed
1911 2473 1983 2537 de
2013 2473 2131 2536 fine
2162 2483 2221 2536 et
2250 2473 2464 2537 effectu
2500 2482 2617 2536 tra-

443 2580 711 2643 ditionis.
804 2579 946 2644 Sive
977 2580 1241 2643 detentio
1273 2580 1489 2642 mercis
1520 2580 1595 2642 ad
1628 2592 1916 2644 emtorem
1946 2580 2252 2665 pervenit,
2302 2578 2431 2641 sive
2465 2578 2621 2662 apud

441 2687 817 2751 venditorem
847 2699 1141 2765 remanet,
1187 2685 1318 2751 sive
1364 2685 1545 2748 tertio
1591 2687 1949 2768 acquiritur:
2001 2685 2179 2749 emtio
2210 2684 2479 2749 venditio
2514 2685 2619 2747 im·
2731 2754 2732 2780 ¹

444 2793 604 2876 pleta
647 2796 907 2871 videtur,
956 2814 1150 2875 neque
1192 2793 1403 2855 effectu
1448 2804 1645 2870 earet3
1696 2804 1909 2856 eontra
1950 2813 2098 2857 vero
2143 2793 2217 2856 ad
2260 2791 2617 2876 implendam

444 2898 864 2981 obligationem
909 2898 1296 2963 vehementer
1337 2899 1629 2983 pertinet,
1679 2910 1747 2963 ut
1791 2900 1922 2964 sine
1963 2900 2443 2983 interpellatione
2495 2919 2620 2961 rem
2731 2975 2732 2992 χ

444 3003 661 3067 habeat
691 3015 918 3082 emtor3
955 3004 1310 3088 simulatque
1341 3006 1524 3083 enim,
1562 3016 1626 3069 ut
1654 3018 1862 3091 postea
1893 3006 2249 3084 videbimus,
2285 3026 2465 3068 merx
2499 3006 2622 3069 evi-

445 3120 542 3173 cta
582 3120 697 3187 est,
748 3122 1112 3174 contractum
1160 3112 1439 3177 emtionis
1482 3133 1846 3177 evanescere
1893 3122 1954 3175 et
1981 3112 2298 3175 retractari
2333 3111 2500 3196 juris
2534 3121 2622 3175 est

444 3216 936 3281 manifestissimi.
1009 3217 1219 3300 Neque
1251 3219 1569 3302 quidquam
1598 3220 1873 3296 interest,
1909 3230 2107 3281 utrum
2137 3238 2235 3281 res
2267 3239 2415 3301 quae
2449 3219 2621 3282 evin·
2731 3279 2732 3288 ,

444 3334 617 3387 catur
637 3318 716 3405 ²),
755 3325 884 3409 jam
914 3324 1131 3387 tradita
1163 3326 1243 3388 sit
1272 3346 1488 3404 necne,
1524 3326 1609 3389 ita
1639 3337 1703 3388 ut
1737 3325 1914 3388 etiam
1946 3325 2042 3387 bic
2075 3324 2456 3387 traditionem
2492 3325 2621 3387 nul·
2731 3407 2732 3412 η

443 3430 559 3492 lius
604 3429 893 3494 momenti
934 3451 1070 3495 esse
1114 3432 1446 3495 videamus.
1541 3431 1738 3511 Quare
1783 3432 2159 3515 perspicuum
2204 3442 2320 3508 est,
2368 3431 2429 3493 in
2463 3432 2620 3494 nuda
2731 3459 2732 3512 g

444 3535 764 3599 traditione
796 3537 1119 3620 principale
1151 3537 1529 3620 obligationis
1562 3549 1919 3601 momentum
1955 3540 2099 3621 (das
2139 3538 2477 3602 Crz‘terium
2515 3539 2622 3601 der
2731 3519 2732 3524 ἵ

453 3640 837 3726 Obligation,
900 3644 1014 3706 der
1059 3645 1441 3728 ez‘gentlz‘clze
1486 3644 1939 3728 Schwerpunlct
1980 3643 2093 3706 der
2138 3644 2620 3727 Leislungsver-

445 3747 878 3828 bz'ndlz‘clzlcez‘t)
914 3767 1278 3831 nequaquam
1310 3750 1491 3827 verti,
1540 3750 1646 3813 sed
1687 3750 1751 3812 in
1793 3750 1927 3813 aliis
1968 3750 2151 3813 rebus
2183 3750 2615 3832 quaerendum,

445 3865 506 3916 et
534 3874 825 3936 quaenam
859 3855 968 3917 hae
998 3855 1141 3933 sint,
1183 3857 1310 3941 jam
1345 3856 1762 3939 explicandum
1795 3856 1932 3920 erit.

617 3962 650 4043 ἓ
695 3958 801 4023 22.
893 3959 986 4023 Ad
1028 3961 1149 4025 vim
1195 3973 1255 4025 et
1309 3973 1583 4025 naturam
1630 3963 1928 4025 internam
1968 3962 2294 4046 perfectae
2340 3960 2619 4023 emtionis

445 4066 844 4145 venditionis,
893 4068 1085 4151 qualis
1127 4069 1273 4132 mihi
1315 4088 1535 4133 revera
1578 4088 1716 4131 esse
1744 4068 2058 4148 videatur,
2108 4068 2533 4152 exponendam
2565 4076 2621 4129 et

585 4237 638 4301 1)
676 4238 857 4304 cujac.
896 4241 960 4289 ad
1000 4240 1107 4291 Tit.
1135 4241 1196 4291 de
1223 4238 1287 4290 V.
1317 4239 1381 4291 0.
1423 4247 1477 4291 et
1500 4201 1563 4289 *in
1600 4248 1869 4291 comment.
1898 4242 1949 4291 in
1975 4242 2093 4291 libr.
2125 4242 2209 4293 19.
2237 4240 2318 4290 tit.
2350 4241 2400 4291 1.
2429 4238 2496 4289 D.
2530 4238 2623 4303 „id

446 4328 526 4371 est
563 4324 890 4375 traditionem
929 4326 1130 4389 nudam,
1175 4326 1266 4376 sed
1302 4331 1356 4375 et
1389 4325 1624 4377 effectum
1666 4327 1959 4379 traditionis
1984 4334 2177 4378 certum
2203 4332 2255 4376 et
2279 4325 2516 4376 ratum“.
2554 4352 2623 4361 —

443 4407 500 4468 ⁴2)
538 4406 599 4454 L.
629 4406 715 4456 33.
741 4408 803 4457 D.
839 4410 895 4456 tlt:
925 4410 1074 4460 vex-iet.
1102 4409 1212 4475 (21,
1239 4410 1317 4473 2).
