2782 5052
1194 331 1797 396 —32—

409 519 634 581 tionem
664 538 733 581 re
764 517 1001 603 integra
1037 529 1268 581 tantum
1299 528 1472 602 pacto
1518 531 1581 583 et
1620 539 1920 596 consensu
1950 508 2129 604 posse
2161 518 2413 583 dissolvi
2446 541 2597 583 eon-

408 632 610 704 stat‚“
645 646 894 707 quacum
927 626 1005 687 cf.
1040 627 1084 689 l.
1126 625 1184 687 1.
1222 625 1370 688 Cod.
1408 626 1541 688 eod.
1612 627 1883 710 Namque
1927 627 2238 690 intellectu
2278 627 2433 690 baud
2481 627 2598 689 dir·
2677 618 2687 632 ’

409 733 564 796 ficile
595 743 709 810 est,
746 732 1157 814 quaestionem
1200 730 1296 794 hic
1343 732 1586 795 nonnisi
1632 754 1759 796 eam
1807 753 1961 805 esse,
2009 733 2167 796 sitne
2209 734 2429 816 aliquid
2458 735 2595 818 jam

409 850 671 922 gestum,
706 839 858 921 quod
889 838 952 900 in
985 849 1296 901 externam
1329 860 1532 901 rerum
1563 849 1835 902 naturam
1884 839 2080 917 cadat,
2117 842 2200 902 ita
2242 850 2308 901 ut
2351 848 2595 901 contra-

408 946 500 1009 rio
533 967 742 1008 rursus
774 957 935 1023 actu,
972 945 1209 1008 seilicet
1238 955 1522 1023 externo,
1567 947 1930 1020 resolvatur,
1981 967 2058 1008 an
2101 966 2258 1008 novo
2303 944 2407 1007 tali
2449 966 2594 1007 con-

412 1052 601 1115 trario
634 1072 753 1114 non
785 1050 1052 1133 indigeat
1081 1063 1220 1115 actu
1265 1054 1339 1114 ad
1382 1051 1889 1134 exstinguendum
1935 1052 2260 1133 (aliumque
2304 1051 2590 1114 substitu-

415 1158 660 1233 endum)
695 1168 1096 1221 contractum.
1189 1155 1383 1240 Atque
1430 1158 1540 1220 hoc
1585 1158 1819 1240 quidem
1865 1157 2044 1219 etiam
2089 1179 2125 1219 a
2167 1156 2341 1220 nobis
2372 1157 2590 1219 dictum

415 1273 529 1342 est,
565 1264 627 1326 in
660 1273 921 1327 externa
949 1285 1148 1327 rerum
1181 1276 1397 1328 natura
1430 1263 1577 1326 nihil
1607 1263 1824 1326 mutari
1856 1264 2117 1347 perfecta
2142 1263 2428 1341 emtione,
2463 1285 2589 1325 mu-

414 1370 533 1431 tari
563 1379 793 1432 tantum
824 1373 1014 1453 quoad
1046 1371 1339 1434 internam
1363 1371 1523 1455 juris
1555 1370 1868 1433 materiam
1914 1379 1974 1430 et
2006 1368 2333 1432 venditoris
2378 1379 2438 1431 et
2468 1391 2591 1431 em-

417 1476 568 1539 toris
600 1477 1027 1541 conditionem.

593 1585 626 1666 §
671 1582 778 1647 27.
872 1584 1114 1649 Duobus
1146 1583 1339 1647 modis
1372 1584 1641 1666 cogitare
1673 1582 1817 1645 licet
1848 1581 2168 1645 emtionem
2190 1577 2590 1642 venditionem

417 1691 777 1773 perfectam:
830 1701 934 1751 aut
961 1691 1069 1767 ita,
1105 1701 1173 1754 ut
1202 1690 1402 1753 statim
1436 1711 1554 1753 non
1589 1688 1914 1773 periculum
1948 1687 2147 1761 modo,
2180 1705 2391 1748 verum
2414 1684 2591 1746 etiam

420 1796 661 1879 plenum
704 1796 1067 1873 dominium,
1129 1797 1230 1861 vel
1271 1797 1468 1880 potius
1513 1796 1573 1858 id
1607 1797 1748 1881 jus,
1812 1795 1967 1878 quod
2008 1792 2291 1858 venditor
2320 1791 2392 1854 de
2425 1812 2496 1854 ea
2526 1809 2591 1851 re

423 1901 651 1979 habuit,
701 1902 774 1964 ad
807 1911 1092 1964 emtorem
1141 1904 1302 1966 nudo
1348 1922 1646 1965 consensu
1688 1913 1992 1979 transeat,
2042 1909 2145 1962 aut
2185 1898 2294 1977 ita,
2344 1907 2411 1960 ut
2440 1897 2591 1979 apud

424 2007 797 2071 venditorem
830 2028 1014 2091 usque
1048 2009 1121 2070 ad
1152 2009 1536 2072 traditionem
1569 2018 1898 2071 remaneat.
1974 2007 2100 2086 Qua
2130 2004 2332 2090 priore
2358 2003 2593 2066 ratione

422 2114 511 2176 uti
555 2113 827 2176 videmus
873 2113 1153 2177 Codicem
1196 2114 1394 2199 legum
1452 2138 1487 2180 a
1533 2115 1884 2199 Napoleone
1929 2113 2363 2198 promulgatum
2382 2109 2434 2192 ¹)
2495 2110 2593 2192 qui

426 2220 769 2283 constituit:
851 2220 993 2297 „La
1022 2231 1204 2283 vente
1235 2233 1331 2284 est
1364 2222 1615 2306 parfaite
1661 2233 1832 2285 entre
1863 2223 1952 2284 les
1985 2222 2232 2304 parties,
2283 2229 2344 2281 et
2374 2218 2432 2280 la
2462 2238 2596 2302 pro-

427 2326 619 2410 priete
661 2338 753 2390 est
796 2327 1040 2409 acquise
1087 2326 1160 2389 de
1207 2328 1364 2391 droit
1407 2332 1441 2390 a
1489 2328 1819 2392 l’acheteur
1860 2332 1894 2390 a
1925 2328 2155 2410 l'egard
2194 2327 2270 2388 du
2300 2324 2591 2400 vendeur‚

426 2433 530 2494 des
563 2432 740 2516 qu'on
772 2443 866 2495 est
897 2455 1172 2497 convenu
1206 2436 1277 2496 de
1308 2436 1365 2498 la
1397 2435 1578 2498 chose
1610 2446 1671 2497 et
1701 2436 1777 2498 du
1808 2435 1983 2519 prix,
2044 2432 2301 2516 quoique
2332 2431 2389 2494 la
2422 2430 2596 2493 chose

428 2539 586 2602 n'est
617 2562 723 2624 pas
756 2560 976 2603 encore
1024 2541 1118 2604 ete
1160 2542 1351 2606 livree
1398 2542 1458 2604 ni
1504 2543 1560 2605 le
1604 2543 1743 2626 prix
1784 2541 2015 2626 paye.“
2096 2541 2261 2619 Quae
2304 2538 2433 2621 ipso
2465 2558 2596 2621 per-

428 2649 620 2709 fectae
652 2647 1018 2711 venditionis
1051 2659 1187 2713 actu
1220 2650 1374 2711 facta
1409 2649 1655 2711 dominii
1687 2649 1750 2712 in
1788 2659 2076 2710 emtorem
2105 2645 2426 2709 translatio
2458 2645 2596 2708 sim-

427 2754 751 2837 plicissima
781 2754 1019 2817 videtur
1048 2775 1183 2818 esse
1215 2765 1275 2817 et
1305 2755 1584 2839 propriae
1616 2765 1866 2817 naturae
1911 2753 2190 2817 emtionis
2233 2751 2597 2815 venditionis

430 2858 993 2939 congruentissima,
1041 2871 1108 2922 ut
1138 2865 1220 2924 ita
1251 2862 1468 2939 dicam,
1505 2872 1843 2939 structura3
1893 2882 2029 2922 nam
2061 2860 2180 2923 isto
2213 2858 2597 2945 perfectionis

430 2973 732 3026 momento
775 2964 933 3026 bona
976 2966 1308 3031 venditoris
1356 2968 1566 3045 minui,
1616 2967 1862 3030 emtoris
1907 2967 2113 3050 augeri
2156 2966 2460 3029 videntur.
2537 2963 2598 3025 Si

432 3069 573 3151 quid
619 3069 777 3132 aliud
823 3071 1132 3148 statuitur,
1180 3073 1231 3136 si
1277 3074 1667 3159 praecipitur,
1719 3073 2090 3137 venditorem
2136 3072 2442 3135 dominum
2471 3092 2601 3155 per-

429 3196 713 3239 severare
744 3198 931 3259 usque
961 3179 1031 3242 ad
1077 3199 1204 3241 rem
1245 3180 1438 3263 pretio
1482 3182 1681 3243 soluto
1723 3180 2041 3243 traditam:
2095 3178 2231 3242 talis
2275 3176 2600 3242 sanctionis

433 3304 616 3345 causa
662 3304 782 3345 non
826 3304 906 3347 ex
950 3284 1079 3369 ipsa
1122 3297 1341 3350 natura
1386 3287 1665 3350 emtionis
1699 3286 1913 3364 oritur,
1964 3286 2069 3349 sed
2101 3285 2235 3348 aliis
2267 3283 2600 3347 rationibus

432 3388 735 3453 subductis
766 3392 1154 3474 proponitur,
1205 3393 1444 3456 aliunde
1489 3395 1783 3471 sumitur3
1832 3393 1953 3456 tale
1986 3394 2181 3475 legum
2225 3400 2600 3475 praeceptum

433 3516 554 3558 non
587 3515 668 3557 ex
688 3497 846 3580 juris
881 3509 1090 3561 tenore
1122 3520 1191 3561 ac
1223 3500 1463 3583 propria
1492 3501 1590 3579 vi,
1636 3501 1741 3563 sed
1772 3520 1805 3562 e
1835 3499 2167 3563 rationibus
2200 3497 2516 3581 aequitatis
2546 3504 2604 3558 et

436 3602 704 3665 cautelae
751 3603 1149 3685 proficiscitur
1195 3604 1446 3688 aliisque
1489 3627 1525 3668 a
1569 3607 1777 3670 stricto
1814 3607 1976 3692 juris
2023 3604 2314 3688 principio
2362 3601 2596 3666 alienis.

436 3707 603 3771 Unde
657 3708 908 3790 emergit
967 3719 1267 3796 structura
1322 3711 1511 3775 totius
1556 3733 1752 3776 nexus
1800 3712 2183 3776 artificiosior
2238 3721 2334 3788 et,
2399 3719 2467 3771 ut
2522 3707 2606 3769 ita

435 3813 647 3891 dicam,
686 3816 1040 3879 contortior.
1088 3815 1179 3879 Ad
1204 3839 1377 3899 quam
1411 3820 1875 3903 componendam
1901 3820 2058 3904 juris
2091 3817 2433 3881 conditores
2463 3812 2604 3876 moti

436 3939 570 3982 esse
600 3919 882 3984 videntur
912 3923 1102 4007 primo
1134 3944 1206 3987 ea
1238 3946 1457 4003 causa,
1511 3927 1662 4008 quod
1707 3927 1949 3990 omnino
1997 3924 2318 3989 transitum
2353 3921 2515 4007 juris
2545 3919 2603 3980 in

434 4046 501 4088 re
544 4026 659 4110 ipsi
704 4028 833 4112 ejus
877 4029 968 4092 rei
1011 4030 1320 4093 traditioni
1366 4042 1692 4095 annectere
1735 4034 1971 4112 solent,
2026 4033 2111 4095 ita
2164 4041 2230 4094 ut
2280 4026 2603 4091 dominium

436 4154 689 4196 unacum
721 4135 1063 4198 detentione
1110 4139 1548 4219 transferatur3
1597 4139 1810 4203 deinde
1852 4161 2000 4204 vero
2047 4137 2435 4202 securitatem
2464 4153 2607 4197 ven-

579 4362 632 4425 1)
670 4361 805 4412 Code
831 4362 952 4413 civil
975 4370 1074 4415 art.
1105 4365 1255 4417 1583.
1278 4365 1378 4430 jct.
1407 4374 1509 4418 art.
1542 4367 1691 4421 1138.
