2782 5052
1097 352 1269 362 -.-.
1353 313 1698 379 22..—

312 504 508 568 minus
540 501 961 579 redemtorem,
1008 521 1045 563 a
1089 521 1202 583 quo
1246 521 1393 584 opus
1425 500 1846 585 perficiendum
1870 500 1997 584 jam
2027 499 2144 564 sibi
2174 502 2530 586 stipulatus

315 621 428 686 est,
479 609 550 670 de
581 607 823 691 speciali
852 606 1051 690 operis
1084 608 1455 690 exsequendi
1485 628 1692 671 norma
1725 627 1796 670 ac
1824 608 2078 688 ratione,
2134 609 2207 672 de
2238 609 2530 672 aedifieii

317 715 668 780 exstruendi
718 716 908 777 forma
950 725 1127 795 atque
1170 724 1473 777 structura
1517 715 1835 777 certiorem
1867 713 2068 777 faciat.
2161 716 2253 779 Ita
2284 717 2523 781 eadem

316 824 412 885 hic
444 823 705 885 occurrit
736 821 1135 885 consideratio
1165 821 1280 899 rei,
1321 842 1495 903 quam
1528 822 1591 885 in
1622 843 1936 905 operarum
1968 821 2267 886 locatione
2299 823 2518 885 maxi-

315 930 397 992 mi
427 928 712 992 momenti
743 948 878 990 esse
907 927 1187 990 vidimus.
1252 927 1675 1011 Impedimenta
1707 939 1812 991 aut
1842 949 1877 990 a
1908 939 2076 1011 parte
2108 927 2510 991 conductoris

314 1047 418 1100 aut
465 1058 502 1098 a
543 1045 712 1120 parte
760 1034 1042 1098 locatoris
1086 1033 1579 1117 proficiscuntur3
1642 1046 1745 1097 aut
1804 1034 2021 1097 oblatio
2083 1034 2501 1118 praestatiove

317 1164 634 1227 operarum
663 1141 916 1205 locatori
957 1138 1297 1223 impeditur,
1362 1150 1465 1202 aut
1511 1140 1862 1204 conductori
1901 1161 2215 1224 operarum
2261 1141 2504 1204 oblata-

315 1270 447 1311 rum
478 1247 809 1331 acceptatio
841 1258 934 1310 est
962 1245 1372 1330 impossibilis.
1463 1245 1674 1328 Neque
1715 1247 1832 1310 alia
1862 1247 2165 1310 distinctio
2197 1248 2257 1310 in
2292 1248 2496 1331 operis

312 1354 613 1417 locatione
639 1353 903 1416 exsistit.
955 1353 1071 1415 Sed
1103 1375 1276 1435 quum
1309 1354 1372 1415 in
1404 1353 1602 1437 operis
1634 1353 1933 1416 locatione
1964 1354 2267 1437 singulare
2299 1375 2492 1436 genus

314 1461 896 1544 impedimentorum,
944 1470 1013 1522 ut
1054 1460 1137 1523 ita
1182 1460 1399 1537 dicam,
1447 1460 1817 1522 intervenire
1849 1460 2063 1544 possit,
2111 1497 2198 1507 —
2238 1460 2368 1523 dico
2399 1461 2488 1523 in-

318 1569 557 1631 teritum
601 1567 688 1629 rei
732 1567 944 1650 ipsius,
996 1566 1157 1629 circa
1204 1587 1377 1648 quam
1422 1567 1792 1628 tractandam
1837 1567 2060 1630 locatio
2107 1567 2368 1630 vertitur
2406 1603 2491 1614 —

316 1675 744 1754 quaerendum,
806 1684 1007 1736 utrum
1068 1672 1185 1735 tale
1245 1671 1730 1754 impedimentum
1775 1694 1812 1734 a
1854 1683 2022 1757 parte
2069 1673 2353 1737 locatoris
2413 1694 2490 1735 an

313 1780 670 1842 redemtoris
703 1776 1001 1862 proficisci
1033 1774 1330 1840 videatur.
1390 1778 1725 1861 Responsio
1757 1779 2057 1863 perfacilis
2090 1790 2205 1843 est.
2254 1781 2491 1842 Etenim

313 1886 596 1948 locatoris
630 1904 787 1961 esse,
835 1904 961 1947 rem
994 1884 1319 1946 redemtori
1349 1886 1812 1968 praeparandam
1846 1896 2177 1968 praestare,
2234 1887 2358 1969 jam
2391 1886 2493 1948 de-

317 1990 820 2069 monstravimus3
897 1990 1050 2072 quod
1097 1988 1180 2051 ita
1227 2010 1386 2064 esse,
1453 1992 1581 2073 ipsa
1626 2013 1828 2056 rerum
1877 2002 2096 2055 natura
2139 1992 2334 2055 docet.
2427 1991 2493 2054 Si

314 2098 502 2180 igitur
534 2099 666 2179 ejus
697 2096 787 2158 rei
820 2105 1176 2179 potestatem
1209 2116 1328 2157 non
1348 2096 1504 2159 >facit
1533 2098 1786 2175 locator,
1848 2099 1948 2162 vel
1981 2101 2180 2162 facere
2211 2119 2333 2162 non
2364 2109 2496 2182 pot-

317 2215 445 2282 est,
509 2203 622 2267 sibi
683 2203 930 2280 babeat3
1013 2201 1363 2265 conductori
1421 2204 1492 2265 ad
1553 2226 1699 2287 opus
1762 2205 2199 2289 suscipiendum
2258 2213 2491 2288 promto

316 2322 643 2395 paratoque
676 2332 796 2374 non
828 2319 1116 2394 praestat,
1166 2309 1318 2391 quod
1351 2321 1665 2394 praestare
1698 2311 1969 2388 debebat,
2018 2312 2105 2375 ita
2135 2323 2201 2374 ut
2245 2312 2491 2395 impedi-

316 2430 579 2481 mentum
630 2438 711 2481 ex
752 2418 883 2501 ipso
930 2415 1317 2500 proficiscens
1357 2415 1434 2479 iis
1466 2417 1851 2500 obligationis
1882 2417 2217 2501 implendae
2248 2418 2491 2501 impedi-

317 2525 533 2589 mentis
593 2522 972 2588 adnumerari
1032 2534 1329 2606 oporteat,
1397 2543 1547 2604 quae
1607 2545 1642 2587 a
1701 2536 1867 2609 parte
1926 2524 2206 2589 locatoris
2255 2524 2489 2588 obstare

318 2633 597 2698 dicuntur
651 2653 846 2716 neque
906 2652 1040 2694 eum
1101 2630 1391 2692 mercedis
1437 2630 1760 2695 solvendae
1803 2630 2163 2714 obligatione
2209 2631 2483 2694 liberant.

320 2739 486 2819 Quae
542 2740 841 2804 sententia
898 2759 1019 2800 non
1074 2736 1264 2800 solum
1318 2735 1382 2798 in
1426 2736 1779 2818 universum
1822 2738 2042 2801 rationi
2088 2750 2264 2820 atque
2307 2736 2489 2800 indoli

317 2845 635 2909 locationis
669 2843 1082 2907 conductionis
1114 2863 1455 2926 congruens
1485 2854 1602 2921 est,
1655 2865 1865 2907 verum
1910 2845 2091 2912 etiam
2138 2844 2281 2927 ipsis
2313 2842 2489 2906 fonti-

317 2952 426 3014 bus
464 2952 623 3035 juris
666 2950 840 3013 valde
871 2949 1178 3034 probatur.
1270 2949 1344 3011 L.
1383 2949 1489 3017 33.
1524 2950 1595 3012 D.
1642 2949 1819 3013 locati
1860 2951 2017 3012 enim
2061 2951 2147 3013 ita
2191 2948 2484 3032 loquitur:

319 3059 438 3136 „Si
466 3058 701 3135 fundus,
739 3077 909 3138 quem
942 3054 1083 3118 mihi
1114 3054 1433 3134 locaveriS,
1467 3055 1796 3141 publicatus
1820 3056 1921 3136 sit,
1958 3055 2151 3119 teneri
2176 3067 2235 3119 te
2258 3055 2491 3119 actione

318 3185 400 3227 ex
441 3162 758 3241 conducto,
807 3173 873 3226 ut
902 3162 1043 3225 mihi
1077 3160 1191 3224 frui
1220 3161 1422 3237 liceat,
1472 3163 1745 3246 quamvis
1777 3183 1885 3247 per
1914 3173 1973 3225 te
2004 3183 2126 3223 non
2157 3171 2298 3237 stet,
2349 3182 2492 3243 quo-

316 3270 513 3332 minus
544 3269 603 3331 id
634 3278 928 3352 praestes.
995 3266 1520 3346 Quemadmodum,
1556 3269 1771 3351 inquit,
1804 3269 1858 3332 si
1886 3268 2142 3332 insulam
2174 3266 2490 3330 aedifican-

317 3376 450 3438 dam
481 3375 746 3439 locasses
779 3387 838 3438 et
866 3376 1057 3439 solum
1092 3375 1445 3452 corruisset,
1482 3375 1868 3439 nibilominus
1900 3373 2281 3439 teneberiS.“
2360 3372 2491 3434 Cla-

314 3483 619 3546 rissimum
680 3483 1129 3565 argumentum!
1223 3482 1541 3545 Africanus
1587 3482 1700 3546 hoc
1748 3482 1925 3545 dicit:
1992 3480 2489 3560 Quemadmodum

317 3590 549 3654 locator
580 3589 747 3652 fundi
778 3610 860 3651 ex
889 3589 1175 3652 conducto
1208 3597 1509 3665 teneatur,
1560 3590 1613 3653 si
1662 3590 1875 3653 fundus
1908 3588 2070 3651 nulla
2099 3586 2285 3670 ipsius
2319 3587 2491 3670 culpa

317 3696 675 3780 interposita
702 3694 1030 3777 publicatus
1061 3696 1162 3772 sit,
1197 3697 1281 3759 ita
1311 3715 1507 3778 neque
1539 3696 1737 3780 operis
1767 3698 2092 3759 locatorem
2125 3693 2490 3777 obligatione

317 3804 612 3866 mercedis
658 3800 979 3865 solvendae
1020 3800 1304 3882 liberari,
1368 3802 1605 3865 etiamsi
1652 3803 1782 3866 solo
1828 3810 2147 3866 corruente
2190 3801 2491 3864 redemtor

318 3930 464 3991 opus
497 3919 804 3992 praestare
835 3905 1243 3992 prohibeatur.

488 4015 758 4098 Denique
789 4015 1380 4087 animadvertendum
1413 4026 1528 4094 est,
1578 4014 1819 4079 nonnisi
1848 4013 2033 4098 ipsius
2064 4012 2156 4076 rei
2187 4011 2491 4074 interitum

316 4120 568 4203 alicujus
610 4122 894 4185 momenti
937 4123 1108 4186 nobis
1155 4142 1328 4199 esse3
1379 4121 1533 4184 aliae
1565 4121 1967 4204 quaestiones,
2019 4140 2166 4202 quae
2197 4119 2261 4181 in
2293 4117 2488 4201 operis

314 4224 610 4287 locatione
657 4229 728 4289 de
775 4250 912 4292 casu
961 4229 1317 4312 praestando
1364 4239 1706 4305 moventur,
1753 4248 1813 4289 v.
1853 4248 1906 4291 c.
1957 4227 2008 4290 si
2054 4246 2191 4310 pars
2240 4223 2490 4288 aedificii

316 4331 665 4406 exstruendi
716 4333 1011 4413 diruatur,
1058 4335 1157 4398 vel
1203 4334 1359 4397 aliud
1405 4334 1888 4418 impedimentum
1922 4334 2275 4396 damnumve
2305 4331 2489 4394 inter-
