2782 5052
1138 383 1740 448 *20*-

352 574 490 637 dum
522 582 649 634 est:
698 569 1183 655 impedimentum
1226 581 1329 634 aut
1371 592 1408 634 a
1449 582 1619 656 parte
1661 570 1944 635 locatoris
1987 580 2088 634 aut
2117 592 2150 635 a
2183 583 2349 656 parte
2383 595 2537 637 con-

350 678 612 743 ductoris
647 677 901 741 evadere
934 688 1166 761 potest3
1217 698 1300 741 ex
1342 698 1415 741 eo
1462 677 1821 763 dijudicatur
1864 678 2247 761 obligationis
2294 681 2535 763 pericu-

346 787 491 864 lum,
530 797 724 849 utrum
755 784 883 867 ipsa
915 785 1239 868 praestatio
1270 806 1346 848 an
1380 787 1509 871 ejus
1540 784 1868 869 acceptatio
1899 784 1982 848 sit
2008 785 2419 868 impossibiliS,
2441 824 2533 833 —

346 904 544 956 utrum
603 891 1087 974 impedimentum
1148 891 1439 969 locatori,
1518 892 1832 973 quominus
1891 912 1958 955 se
2017 903 2287 975 paratum
2348 892 2532 955 sistat

348 1019 681 1084 operasque
713 998 949 1075 offerat,
984 1018 1061 1059 an
1094 999 1462 1075 conductori,
1509 999 1823 1080 quominus
1856 1018 2071 1080 operas
2095 998 2261 1081 juste
2294 998 2528 1061 oblatas

345 1106 618 1189 accipiat,
656 1104 875 1167 obstet.
968 1102 1165 1182 Quare
1196 1125 1402 1166 eorum
1432 1103 2008 1187 impedimentorum,
2047 1125 2195 1186 quae
2228 1103 2529 1188 objectiva

344 1213 525 1295 vulgo
559 1211 858 1286 dicuntur,
912 1231 1033 1272 non
1079 1211 1286 1272 eadem
1327 1210 1486 1273 ratio
1533 1221 1650 1286 est,
1698 1210 1802 1272 sed
1836 1211 2262 1292 quaerendum,
2326 1221 2529 1273 utrum

346 1316 734 1403 praestationi
767 1337 845 1378 an
876 1316 1268 1398 acceptationi
1301 1317 1562 1378 obstent.
1631 1314 1771 1379 Non
1801 1316 1968 1379 locus
2002 1316 2097 1379 hic
2131 1327 2245 1393 est,
2283 1316 2528 1379 demon-

344 1437 565 1501 strare,
628 1443 757 1486 eam
805 1421 1248 1484 distinctionem
1291 1423 1420 1505 ipsa
1462 1423 1553 1484 rei
1610 1432 1823 1485 natura
1869 1432 1931 1484 et
1975 1423 2209 1486 ratione
2268 1425 2529 1486 naturali

344 1531 509 1616 posci
549 1569 631 1577 —
679 1529 832 1613 quod
873 1529 1029 1592 infra
1071 1548 1379 1612 exponere
1422 1537 1484 1591 et
1522 1527 1777 1612 probare
1821 1528 2071 1592 studebo
2100 1553 2225 1607 -3
2273 1529 2529 1593 sufficiat

343 1660 523 1716 nunc,
573 1639 1042 1714 demonstrasse,
1096 1636 1318 1699 hancce
1362 1635 1722 1699 sententiam
1765 1655 1955 1698 meam
1986 1634 2133 1721 ipsis
2154 1636 2313 1720 juris
2342 1637 2523 1698 fonti-

343 1745 454 1808 bus
486 1744 712 1806 inesse.

514 1849 716 1911 Prima
761 1860 854 1912 est
896 1850 939 1911 l.
984 1847 1082 1912 ¹5.
1128 1847 1256 1931 56.
1293 1850 1366 1911 D.
1416 1849 1629 1928 locati,
1679 1869 1829 1932 quae
1873 1850 2151 1933 proponit
2194 1849 2522 1914 locatorem

344 1975 498 2020 nave
530 1955 772 2033 amissa,
822 1954 1135 2037 quominus
1167 1955 1424 2018 vehendi
1455 1976 1702 2019 munere
1733 1958 2038 2040 fungatur,
2086 1957 2433 2040 impeditum
2463 1969 2527 2021 et

345 2063 531 2140 addit,
570 2062 624 2124 ei
655 2063 991 2124 mercedem
1024 2083 1143 2124 non
1177 2061 1404 2125 deberi.
1482 2063 1570 2125 Eo
1602 2063 1797 2126 minus
1830 2064 2034 2127 deberi
2065 2064 2119 2126 ei
2155 2064 2266 2127 diei
2298 2074 2521 2148 potest,

344 2170 398 2234 si
426 2170 491 2233 in
521 2168 649 2253 ipsa
681 2168 964 2231 locatoris
995 2188 1254 2252 persona
1285 2167 1689 2251 impedimenti
1721 2190 1902 2233 eausa
1932 2171 2044 2233 sita
2080 2181 2197 2247 est,
2246 2191 2309 2234 v.
2346 2193 2436 2253 gr.
2469 2171 2527 2233 si

344 2276 553 2339 morbo
584 2274 862 2359 affligitur
894 2276 1142 2338 locator.
1206 2274 1488 2356 Reliquae
1518 2295 1668 2337 vero
1700 2275 1891 2358 legeS,
1928 2297 2077 2359 quae
2110 2277 2523 2358 quaestionem

346 2393 615 2446 nostram
661 2382 986 2465 attingunt,
1049 2380 1473 2464 impedimenta
1520 2393 1882 2465 supponunt,
1947 2403 2097 2465 quae
2140 2395 2239 2447 aut
2285 2384 2348 2446 in
2390 2383 2521 2466 ipsa

347 2487 724 2554 conductoris
742 2508 998 2573 persona
1020 2499 1123 2551 aut
1147 2500 1310 2553 certe
1334 2509 1369 2551 a
1389 2499 1558 2572 parte
1580 2490 1712 2573 ejus
1737 2490 2035 2554 obstantia
2059 2491 2524 2575 praestationem

350 2598 603 2661 oblatam
623 2597 892 2680 accipere
910 2596 1241 2679 prohibent.
1279 2596 1386 2673 lta,
1424 2607 1678 2658 mortem
1710 2598 2089 2662 conductoris
2121 2598 2181 2660 in
2215 2596 2380 2661 l.19.
2406 2594 2520 2680 59.

348 2702 448 2767 10.
473 2706 602 2767 eod.
627 2703 1047 2786 impedimento
1083 2722 1242 2779 esse,
1278 2703 1521 2786 ponitur
1550 2713 1609 2764 et
1639 2703 1750 2766 hoc
1781 2725 1924 2767 casu
1955 2704 2288 2767 mercedem
2323 2704 2524 2765 deberi

346 2811 599 2887 dicitur3
659 2810 742 2871 ita
787 2829 895 2892 per
939 2830 1310 2891 consequens
1358 2809 1670 2872 dicendum
1716 2809 1855 2887 erit,
1920 2811 1971 2873 si
2013 2810 2519 2893 impedimentum,

348 2916 505 2999 quod
537 2916 751 2994 obstat,
803 2937 922 2977 non
964 2915 1025 2976 in
1068 2915 1196 2998 ipsa
1244 2915 1479 2998 quidem
1525 2936 1782 2999 persona
1830 2916 2209 2981 conductoris
2239 2916 2521 2994 vertitur,

348 3024 455 3087 sed
501 3022 742 3085 omnino
787 3042 823 3084 a
868 3031 1036 3105 parte
1081 3022 1210 3104 ejus
1254 3021 1673 3105 proficiscitur,
1737 3022 1987 3106 ideoque
2017 3044 2139 3085 non
2169 3022 2525 3106 praestatio-

348 3150 510 3206 nem,
557 3129 661 3191 sed
694 3130 824 3213 ejus
854 3127 1324 3211 acceptationem
1356 3127 1653 3211 prohibet,
1700 3130 2033 3192 mercedem
2066 3129 2306 3208 deberi3
2356 3129 2439 3192 ita
2469 3129 2524 3193 si

348 3237 582 3300 locator
625 3254 837 3319 operas
885 3235 1164 3319 promisit.
1199 3254 1305 3318 per
1349 3245 1577 3298 certum
1620 3246 1852 3319 tempus
1899 3235 2314 3320 praestandaS,
2380 3257 2524 3298 con-

350 3345 562 3407 ductor
603 3363 752 3407 vero
798 3341 862 3404 in
906 3341 1122 3405 itinere
1165 3362 1449 3423 aquarum
1495 3342 1774 3406 eluvione
1822 3344 1920 3406 vel
1976 3353 2156 3426 ponte
2202 3351 2524 3405 corruente

348 3459 620 3514 retentus
667 3449 905 3512 domum
950 3448 1148 3512 redire
1193 3458 1252 3510 et
1294 3468 1534 3530 operaS,
1583 3448 1653 3511 ad
1698 3471 1844 3530 quas
1876 3450 2264 3533 praestandas
2294 3447 2525 3512 locator

349 3566 588 3640 paratus
636 3556 779 3630 fuit,
831 3555 1100 3638 accipere
1142 3553 1511 3637 prohibetur.
1602 3554 1794 3618 Nemo
1843 3556 2000 3618 enim
2046 3577 2166 3618 non
2211 3555 2520 3632 concedet,

349 3662 462 3726 hoc
506 3683 649 3725 casu
693 3660 1023 3723 mercedem
1070 3659 1319 3722 locatori
1367 3670 1572 3742 parato
1617 3661 1690 3723 ad
1735 3661 2408 3746 praestandumdeberi
2440 3660 2524 3745 (si

351 3789 473 3830 non
515 3766 587 3829 ab
630 3765 744 3828 alio
790 3765 1118 3828 mercedem
1153 3766 1359 3828 eodem
1395 3777 1660 3849 tempore
1691 3769 2037 3852 acceperit).
2131 3766 2422 3846 Quocirca
2451 3766 2524 3828 ad

351 3874 432 3950 id,
468 3894 501 3937 a
533 3893 673 3955 quo,
708 3881 987 3952 tanquam
1020 3890 1056 3932 a
1086 3867 1556 3953 praesumtione,
1607 3873 1834 3936 initium
1867 3874 2197 3938 disserendi
2234 3874 2516 3956 cepimus,

352 4000 507 4042 nune
553 3976 819 4062 regressi
861 3998 1088 4054 sumUS,
1134 3978 1310 4060 idque
1354 3979 1664 4062 probatum
1709 4000 2047 4058 censemuS,
2097 3980 2161 4043 in
2207 3999 2523 4062 operarum

351 4086 649 4149 locatione
691 4083 845 4148 idem
883 4084 1041 4168 juris
1086 4103 1257 4161 esse,
1308 4086 1462 4167 quod
1492 4086 1553 4147 in
1584 4106 1783 4150 rerum
1814 4087 2136 4150 locatione.
2229 4084 2523 4148 Locatore

353 4201 666 4276 praestare
714 4190 811 4253 vel
854 4210 921 4254 se
966 4211 1212 4274 remque
1252 4212 1422 4255 suam
1463 4194 1679 4256 offerre
1709 4194 2005 4276 prohibito
2036 4213 2268 4256 merces
2299 4203 2520 4269 cessat,

352 4296 715 4362 conductore
770 4297 1232 4378 praestationem
1275 4299 1546 4381 accipere
1592 4317 1778 4381 eaque
1822 4300 1910 4363 uti
1954 4298 2249 4384 prohibito
2294 4317 2522 4363 merces

353 4402 623 4467 debetur.
